1481 2422
327 103 413 142 AD
440 100 736 142 DIVERSOS.
770 103 868 141 Lm.
892 102 996 141 XII.
1025 104 1090 142 30.
1190 95 1273 144 3951

149 211 236 264 quis
270 223 445 263 unquam
477 219 634 250 tuorum
665 210 764 249 1111111
789 211 889 250 dixit
917 224 1010 259 esse,
1038 212 1099 251 cui
1124 211 1272 261 darem,

148 267 244 318 quin
261 265 464 304 dederim?
493 274 562 304 aut
573 264 668 318 quid
678 265 777 303 mihi
791 265 1015 316 jucundius,
1031 279 1165 318 quam,
1181 279 1272 305 cum

150 333 279 359 coram
304 327 432 359 tecum
457 320 565 371 loqui
589 332 667 358 non
694 319 850 371 possim,
872 327 941 358 aut
966 320 1126 359 scribere
1149 320 1197 358 ad
1216 327 1269 370 te,

149 382 218 413 aut
236 382 322 413 tuas
343 375 468 425 legere
490 375 650 412 literas?
682 373 789 412 Illud
812 374 936 425 magis
958 373 1056 412 mihi
1079 375 1173 413 solet
1195 387 1274 413 esse

149 429 371 476 molestum,
392 429 507 466 tantis
525 441 589 466 me
607 428 786 480 impediri
804 428 1128 479 occupationibus,
1155 436 1199 466 ut
1224 424 1275 467 ad

149 488 188 521 te
207 482 396 522 scribendi
414 496 501 521 meo
520 483 704 521 arbitratu
725 482 884 520 facultas
898 482 1006 520 nulla
1025 482 1147 521 1181111.
1177 483 1273 521 Non

149 536 255 575 enim
273 544 311 575 te
329 537 510 588 epistoliS,
531 536 598 575 sed
616 536 891 584 voluminibus,
910 537 1130 575 lacesserem
1145 550 1156 582 ;
1187 537 1274 588 qui-

149 592 223 629 bus
252 591 411 643 quidem
438 604 502 629 me
527 604 550 629 a
575 598 612 628 te
630 591 826 641 provocari
843 592 1051 641 oportebat.
1080 590 1274 639 Quamvis

149 645 254 683 enim
276 654 483 697 occupatus
509 645 573 693 sis,
595 645 662 682 otii
685 652 814 683 tamen
839 645 928 696 plus
954 645 1084 683 habes.
1113 645 1214 693 Aut,
1242 646 1274 684 si

147 711 198 737 ne
221 706 265 737 tu
291 699 447 751 quidem
474 713 598 746 vacas,
627 698 707 737 noli
732 699 936 750 impudens
961 712 1054 746 esse,
1082 711 1151 738 nec
1176 698 1275 738 mihi

148 753 365 792 molestiam
384 754 576 801 exhibere,
604 760 641 791 et
660 767 683 791 a
707 766 771 791 me
793 753 921 792 literas
943 753 1160 802 crebriores,
1182 766 1274 792 cum

149 815 194 846 tu
213 808 310 846 mihi
333 821 417 846 raro
435 808 580 854 mittas,
601 807 783 858 flagitare.
814 808 937 855 Nam,
958 820 1047 845 cum
1066 815 1179 846 antea
1197 807 1275 846 dis-

147 861 296 901 tinebar
314 862 494 901 maximis
508 861 831 913 occupationibus,
848 869 1047 913 propterea
1065 861 1171 913 quod
1188 874 1275 900 om-

148 916 264 955 nibus
290 917 390 955 curis
419 916 698 968 rempublicam
723 916 820 953 mihi
845 915 1029 953 tuendam
1058 917 1271 967 putabam;

148 977 236 1009 tum
260 971 333 1009 hoc
357 978 528 1023 tempore
555 971 680 1008 multo
706 970 886 1008 distineor
912 969 1187 1008 vehementius.
1215 971 1274 1009 Ut

148 1025 252 1063 enim
271 1025 424 1077 gravius
449 1032 634 1076 aegrotant
651 1025 692 1072 ii,
713 1024 795 1076 qui,
822 1036 911 1061 cum
929 1023 1044 1062 levati
1062 1026 1198 1063 morbo
1216 1024 1274 1063 vi-

146 1079 341 1127 derentur,
370 1079 411 1117 in
440 1092 529 1117 eum
558 1079 605 1116 de
630 1078 778 1130 integro
805 1078 1048 1123 inciderunt3
1079 1077 1132 1116 sic
1156 1078 1272 1118 vehe-

147 1134 314 1172 mentius
333 1146 403 1172 nos
419 1134 653 1180 laboramus,
683 1132 767 1184 qui,
787 1132 988 1184 profligato
1006 1132 1107 1170 bello
1125 1145 1170 1172 ac
1186 1146 1266 1185 pae.

151 1199 200 1226 ne
218 1188 385 1235 sublato,
401 1195 626 1226 renovatum
640 1187 789 1225 bellum
807 1199 936 1238 gerere
954 1198 1149 1225 conamur.

202 1241 279 1281 Sed
306 1242 388 1281 haec
414 1241 608 1280 hactenus.
638 1241 705 1279 Tu
730 1240 814 1287 tibi,
841 1240 898 1278 mi
926 1240 1120 1288 Cornifici,
1146 1240 1207 1280 fac
1226 1249 1271 1281 ut

147 1295 390 1348 persuadeas,
414 1308 492 1333 non
524 1308 603 1334 esse
628 1307 693 1334 me
719 1302 801 1333 tam
828 1294 1020 1333 imbecillo
1049 1294 1193 1342 animo,
1220 1308 1270 1334 ne

146 1350 273 1389 dicam
300 1349 526 1398 inhumano,
555 1357 600 1388 ut
627 1363 651 1388 a
677 1356 714 1388 te
743 1348 844 1387 vinci
871 1348 1013 1400 possim
1040 1356 1107 1387 aut
1134 1349 1266 1389 officiis

146 1411 214 1442 aut
233 1417 372 1442 amore.
408 1405 502 1442 Non
523 1403 746 1442 dubitabam
768 1402 972 1455 equidem:
1004 1410 1268 1442 verumtamen

147 1457 272 1496 multo
290 1458 388 1496 mihi
412 1458 598 1496 notiorem
622 1470 791 1496 amorem
816 1464 930 1495 tuum
957 1455 1080 1495 effecit
1108 1457 1270 1510 Cherip-

146 1525 232 1563 pus.
262 1512 301 1551 O
316 1511 527 1561 hominem,
543 1525 692 1563 semper
707 1512 822 1549 illum
833 1510 989 1562 quidem
1003 1511 1101 1549 mihi
1116 1519 1268 1563 aptum,

145 1578 250 1604 nunc
268 1578 355 1604 vero
381 1567 496 1605 etiam
522 1566 703 1605 suavem!
734 1566 880 1604 Vultus
907 1565 1155 1614 (mehercule)
1179 1574 1266 1605 tuos

145 1619 245 1658 mihi
263 1620 445 1671 expressit
462 1633 620 1666 omnes3
650 1632 728 1658 non
751 1620 877 1658 solum
896 1619 1072 1657 animum
1091 1632 1135 1658 ac
1153 1623 1268 1659 verba

147 1674 317 1726 pertulit.
358 1674 497 1726 Itaque
525 1674 605 1713 11011
626 1673 759 1722 vereri,
793 1686 842 1712 ne
873 1673 944 1712 tibi
972 1675 1266 1724 succensuerim,

147 1727 252 1790 quod
267 1728 400 1767 eodem
419 1729 596 1780 exemplo
614 1729 663 1767 ad
681 1741 758 1775 me,
774 1740 852 1780 quo
866 1727 916 1766 ad
927 1736 1090 1766 caeteros.
1120 1729 1271 1781 Requi-

146 1782 218 1821 sivi
237 1782 416 1834 equidem
438 1783 609 1834 proprias
637 1782 686 1821 ad
711 1795 775 1821 me
792 1794 916 1820 unum
933 1782 1086 1829 literas3
1117 1783 1184 1822 sed
1201 1796 1270 1823 ne-

148 1850 225 1888 que
243 1837 499 1885 vehementer,
521 1845 558 1875 et
577 1845 762 1875 amanter.

202 1891 266 1928 De
296 1898 442 1938 sumtu,
469 1904 587 1942 quem
616 1898 654 1930 te
678 1890 719 1929 in
741 1903 824 1930 rem
847 1891 1055 1930 militarem
1081 1890 1204 1930 facere
1232 1899 1271 1931 et

144 1944 276 1984 fecisse
294 1945 401 1993 dicis,
415 1945 513 1983 1111111
526 1958 615 1984 53118
624 1958 783 1997 possum
797 1945 867 1984 tibi
885 1945 1080 1998 opitulari,
1095 1953 1272 1997 propter-

146 2013 191 2038 ea
210 1998 314 2050 quod
332 2007 370 2038 et
387 2001 502 2038 orbus
527 2008 695 2061 senatus,
720 2000 939 2039 consulibus
957 1999 1120 2048 amissis,
1152 2009 1189 2038 et
1206 2001 1268 2039 in-

145 2053 342 2092 credibiles
361 2053 548 2105 angustiae
561 2054 731 2115 pecuniae
747 2054 939 2106 publicae:
969 2067 1057 2106 quae
1077 2055 1269 2106 conquiri-

143 2114 210 2145 tur
237 2107 424 2160 undique,
460 2115 501 2146 ut
529 2108 672 2160 optime
695 2109 841 2147 meritis
868 2108 1056 2147 militibus
1081 2108 1268 2159 promissa

144 2161 365 2209 solvantur3
395 2161 500 2215 quod
518 2162 674 2214 quidem
694 2162 775 2202 fieri
794 2162 874 2202 sine
897 2163 1040 2202 tributo
1058 2174 1169 2215 posse
1187 2175 1265 2203 non

147 2215 319 2254 arbitror.
