1481 2422
267 123 354 164 AD
383 120 1208 164 DIVERSOS.1,1B.X1.·29.357

81 227 206 280 magis
234 228 323 278 jure
349 229 472 268 colere
508 235 625 280 atque
657 228 858 266 observare
890 225 1085 274 deberem,
1109 223 1212 263 fecit.

82 283 191 322 Bene
203 282 304 334 vale,
324 291 362 322 et
379 296 444 322 me
463 282 592 335 dilige.

325 446 440 495 (29.)
468 443 684 485 CICERO
712 443 893 484 APPIO
923 443 963 483 s.

148 554 476 605 (Argumentum.
490 577 544 582 —
559 554 807 594 Profecturus
839 554 880 592 in
912 552 1119 600 Graeciam,
1152 537 1210 592 res

80 621 168 647 suas
185 609 321 660 Appio
346 608 607 657 commendat,
633 608 942 648 commemoratis
961 616 1049 647 ante
1069 608 1212 647 benefi-

79 662 146 702 ciis
165 665 214 702 ab
232 664 316 715 ipso
334 662 528 716 acceptis.)

137 771 347 812 Dubitanti
364 773 465 812 mihi
490 773 614 827 (quod
634 774 704 812 scit
722 773 879 812 Atticus
901 770 1046 823 noster)
1067 772 1115 812 de
1138 773 1213 812 hoc

83 833 164 866 toto
183 828 340 867 consilio
358 829 618 881 profectionis,
645 829 750 881 quod
768 828 808 866 in
827 836 1034 880 utramque
1060 836 1214 880 partem

83 881 124 919 in
142 891 314 921 mentem
328 883 455 922 multa
473 884 690 932 veniebant,
711 896 900 935 magnum
920 883 1072 935 pondus
1091 896 1217 922 acces-

83 937 146 986 sit,
168 937 218 975 ad
237 937 447 976 tollendam
456 939 750 987 dubitationem,
759 937 952 988 judicium
965 945 1002 977 et
1013 937 1217 976 consilium

84 998 211 1030 tuum.
243 992 352 1031 Nam
367 1001 404 1032 et
423 993 607 1046 scripsisti
625 1001 770 1046 aperte,
792 992 886 1044 quid
905 992 975 1031 tibi
993 992 1212 1037 videretur,
1200 1006 1211 1016 ·

84 1054 123 1085 et
140 1046 298 1086 Atticus
316 1047 366 1086 ad
384 1061 447 1087 me
473 1060 689 1087 sermonem
715 1056 828 1086 tuum
854 1048 1024 1099 pertulit.
1056 1048 1217 1099 Semper

79 1101 266 1151 judicavi,
296 1102 338 1140 in
366 1109 418 1152 te,
439 1110 476 1142 et
494 1103 534 1142 in
563 1102 748 1155 capiendo
780 1103 937 1141 consilio
969 1101 1218 1154 prudentiam

83 1169 280 1195 summam
300 1170 393 1207 esse,
414 1166 452 1196 et
469 1158 510 1196 111
529 1158 657 1196 dando
682 1157 824 1196 fidem:
855 1157 1103 1209 maximeque
1131 1170 1220 1195 sum

85 1219 282 1263 expertus,
311 1225 416 1260 cum,
436 1213 546 1251 initio
568 1212 689 1252 civilis
708 1212 814 1259 belli,
835 1225 903 1263 per
926 1212 1055 1250 literas
1073 1220 1111 1249 te
1130 1224 1220 1250 con-

86 1265 306 1314 suluissem,
327 1267 423 1319 quid
441 1267 539 1305 mihi
557 1267 777 1306 faciendum
797 1280 876 1305 esse
895 1279 1063 1305 censeres
1079 1280 1091 1314 ;
1123 1278 1219 1304 eun-

85 1319 233 1360 dumne
269 1321 319 1359 ad
355 1322 605 1374 Pompeium,
644 1335 694 1360 an
731 1321 969 1360 manendum
1007 1322 1048 1359 in
1087 1321 1217 1359 Italia.

85 1375 260 1424 Suasisti,
281 1384 326 1414 ut
344 1378 582 1416 consulerem
602 1376 781 1428 dignitati
799 1389 920 1414 meae:
952 1389 1000 1415 ex
1015 1389 1107 1428 quo,
1125 1375 1221 1428 quid

83 1430 254 1476 sentires,
274 1430 472 1470 intellexi:
504 1440 542 1470 et
560 1445 648 1470 sum
663 1431 875 1469 admiratus
895 1430 1011 1469 fidem
1031 1441 1156 1479 tuam,
1178 1442 1216 1469 et

85 1484 126 1522 in
141 1485 299 1524 consilio
310 1485 438 1524 dando
456 1486 706 1538 religionem3
728 1485 848 1538 quod,
865 1499 954 1524 cum
974 1484 1081 1524 aliud
1099 1485 1218 1524 malle

85 1539 365 1580 amicissimum
384 1548 498 1580 tuum
526 1550 696 1593 putares,
723 1541 920 1593 antiquius
947 1541 1019 1580 tibi
1046 1540 1216 1580 officium

87 1607 224 1632 meum
241 1608 361 1646 quam
379 1595 485 1634 illius
504 1596 682 1635 voluntas
699 1595 787 1634 fuit.

141 1649 340 1701 Equidem
352 1658 390 1688 et
407 1658 497 1689 ante
515 1651 588 1690 hoc
607 1659 762 1703 tempus
781 1658 819 1689 te
838 1650 983 1697 dilexi3
1013 1658 1052 1689 et
1069 1663 1221 1703 semper

86 1716 152 1742 me
171 1717 194 1742 a
212 1711 250 1743 te
269 1704 379 1756 diligi
397 1705 508 1744 sensi.
537 1705 607 1754 Et,
621 1718 711 1744 cum
726 1706 911 1753 abessem,
928 1713 1045 1758 atque
1057 1704 1098 1743 in
1109 1718 1224 1757 mag-

88 1758 148 1797 nis
166 1759 346 1811 periculis
360 1773 494 1809 essem,
517 1767 554 1798 et
571 1773 636 1798 me
654 1761 851 1799 absentem
870 1768 908 1798 et
925 1772 1030 1798 meos
1052 1772 1219 1811 praesen-

87 1821 146 1852 tes
165 1827 188 1852 a
215 1820 253 1852 te
284 1813 406 1852 cultos
436 1822 473 1854 et
505 1814 679 1853 defensos
703 1827 796 1861 esse,
827 1814 1000 1854 memini.
1029 1815 1098 1862 Et,
1132 1822 1219 1876 post

89 1881 223 1906 meum
251 1868 433 1918 reditum,
464 1882 584 1922 quam
612 1869 851 1907 familiariter
880 1882 1035 1908 mecum
1066 1869 1220 1917 vixeris,

90 1935 257 1975 quaeque
276 1936 347 1975 ego
365 1923 413 1962 de
427 1931 465 1962 te
483 1932 520 1962 et
539 1924 721 1962 senserim
737 1932 774 1962 et
792 1924 1047 1975 praedicarim,
1072 1937 1221 1972 01111163,

90 1977 161 2030 qui
174 1978 297 2016 solent
310 1979 393 2016 haec
411 1978 726 2027 animadvertere,
748 1986 860 2017 testes
878 1979 1078 2018 habemus.

145 2032 431 2071 Gravissimum
455 2046 544 2072 vero
565 2034 757 2083 judicium
776 2033 824 2071 de
843 2033 933 2071 mea
960 2033 1036 2072 fide
1063 2040 1100 2072 et
1132 2045 1223 2072 con-

90 2086 231 2125 stantia
249 2086 385 2136 fecisti,
403 2100 493 2126 cum
510 2096 596 2140 post
614 2096 779 2126 mortem
799 2087 960 2126 Caesaris
978 2096 1103 2126 totum
1119 2096 1156 2126 te
1175 2088 1225 2126 ad

93 2141 303 2180 amicitiam
327 2155 456 2180 meam
488 2143 696 2181 contulisti.
736 2142 856 2191 Quod
875 2150 987 2181 tuum
1014 2142 1222 2193 judicium,

91 2196 166 2236 nisi
194 2196 283 2236 111εὲ1
319 2197 475 2236 summa
506 2197 772 2238 benevolentia.
804 2211 895 2250 erga
929 2204 982 2247 te,
1021 2197 1222 2239 omnibus-
