1501 2407
201 103 254 142 32
407 103 490 143 AD
517 101 813 143 DIVERSOS.
837 102 937 141 Lm.
967 101 1027 141 11.
1054 102 1094 140 2.

205 219 243 250 te
259 211 444 251 crimine.
476 212 534 250 sin
551 224 614 250 me
643 211 683 250 id
700 211 822 250 facere
839 210 959 260 noles,
978 218 1016 248 te
1042 207 1139 247 mihi
1161 219 1316 259 aequum

204 268 371 316 praebere
389 266 555 305 debebis.
585 265 661 304 Sed
679 265 726 303 de
750 265 869 303 literis
892 265 1098 303 hactenus:
1125 274 1202 300 non
1215 261 1318 299 enim

205 332 348 369 vereor,
372 332 420 358 ne
442 332 518 358 non
542 319 737 358 scribendo
761 326 799 357 te
827 319 1027 370 expleam3
1055 315 1263 367 praesertim
1287 314 1319 353 si

205 373 247 410 in
266 386 310 412 eo
327 386 464 424 genere
482 373 653 411 studium
671 385 805 412 meum
822 385 900 411 non
918 371 1202 430 adspernabere.

260 427 348 478 Ego
377 434 415 465 te
440 427 605 465 abfuisse
633 426 781 465 tamdiu
806 440 830 464 a
857 425 967 464 nobis
996 432 1034 464 et
1062 422 1182 472 dolui,
1215 421 1319 474 quod

206 481 312 519 carui
331 480 460 519 fructu
485 480 773 542 jucundissimae
797 478 1106 523 consuetudinis3
1137 483 1174 514 et
1195 477 1317 523 laetor,

206 534 311 586 quod
335 536 471 574 absens
495 535 626 573 omnia
649 547 737 572 eum
759 533 933 572 maxima
957 531 1141 584 dignitate
1166 543 1204 568 es
1229 542 1320 568 con-

207 595 387 634 secutus3
417 587 641 640 quodque,
630 601 671 625 111
689 588 868 626 omnibus
892 586 969 625 tuis
986 588 1113 633 rebus,
1136 583 1232 622 meis
1250 597 1320 635 op-

208 642 296 680 tatis
312 642 467 681 fortuna
482 641 687 694 respondit.
716 642 840 680 Breve
859 647 928 689 est,
944 639 1048 692 quod
1058 651 1122 676 me
1139 638 1210 676 tibi
1223 651 1321 689 prae-

208 696 333 747 cipere
350 709 459 735 meus
487 695 744 735 incredibilis·
734 708 775 734 m
797 702 834 733 te
852 707 959 733 amor
977 693 1088 745 cogit.
1118 691 1248 730 Tanta
1266 698 1322 730 est

208 750 436 801 exspectatio
457 750 519 789 vel
542 749 662 787 animi
689 749 781 788 vel¹
770 748 915 799 ingemi
940 747 1012 795 tui,
1038 753 1084 784 ut
1102 758 1172 796 ego
1190 753 1227 783 te
1252 747 1322 784 ob-

209 816 352 842 secrare
370 803 623 855 obtestarique
641 815 719 841 non
738 802 924 849 dubitem,
951 801 1004 839 sic
1022 799 1070 839 ad
1087 811 1156 838 nos
1174 799 1322 837 confor-

207 864 336 895 matus
358 864 555 905 revertare,
582 863 641 905 111,
667 869 786 908 quam
811 853 1129 907 exspectationem
1154 852 1212 890 tui
1234 865 1323 891 con-

209 910 348 959 citasti,
367 911 466 950 hanc
496 909 678 949 sustinere
700 923 743 949 ac
769 909 867 948 tueri
890 908 1022 960 possis.
1051 907 1120 955 Ε1,
1140 906 1324 957 quoniam

208 977 337 1002 meam
361 972 517 1003 tuorum
539 977 628 1015 erga
644 977 708 1002 me
731 963 956 1002 meritorum
973 960 1199 1000 memoriam
1216 961 1326 999 nulla

210 1030 384 1069 unquam
402 1018 542 1056 delebit
559 1018 714 1066 oblivio,
729 1024 768 1056 te
780 1029 886 1068 rogo,
899 1023 944 1054 ut
956 1013 1188 1062 memineris,
1201 1026 1326 1065 quan-

211 1077 427 1123 taecumque
444 1071 516 1110 tibi
537 1071 763 1110 accessiones
787 1070 881 1109 fient
898 1077 935 1108 et
956 1069 1120 1108 fortunae
1146 1074 1184 1106 et
1200 1067 1325 1119 digni-

211 1125 315 1174 tatis,
339 1139 401 1164 eas
429 1132 467 1164 te
498 1138 575 1163 non
600 1125 766 1176 potuisse
792 1123 985 1185 consequi,
1016 1121 1090 1160 11151
1110 1121 1206 1160 111315
1230 1135 1326 1173 puer

210 1179 305 1217 olim
323 1179 551 1218 fidelissimis
570 1186 685 1239 atque
707 1177 976 1217 amantissimis
998 1175 1162 1215 consiliis
1178 1176 1326 1227 paruis-

212 1245 282 1271 535.
311 1233 444 1294 Quare
468 1233 541 1271 hoc
562 1233 692 1270 animo
719 1232 760 1270 in
785 1245 854 1270 nos
879 1244 960 1270 aese
985 1228 1154 1278 debebis,
1173 1238 1218 1267 ut
1235 1235 1326 1269 aetas

211 1294 353 1336 nostra,
381 1287 463 1336 jam
487 1286 764 1337 ingravescens,
786 1286 828 1324 in
846 1297 976 1324 amore
992 1290 1108 1336 atque
1121 1283 1162 1322 in
1179 1282 1324 1323 3110135-

212 1341 338 1379 centia
355 1340 424 1379 tua
442 1340 693 1392 conquiescat.
722 1339 832 1379 Vale.

353 1494 442 1544 (2.)
485 1492 546 1532 M.
568 1492 619 1532 Τ.
640 1493 686 1532 C.
726 1492 773 1532 C.
793 1492 1041 1534 CURIONI
1067 1493 1107 1532 S.
1127 1492 1181 1532 D.

265 1601 588 1651 (Argumentum.
600 1625 655 1635 -
667 1600 792 1640 Patris
805 1608 968 1640 mortem
986 1601 1066 1640 filio
1084 1601 1230 1640 absenti
1247 1602 1323 1654 sig-

209 1655 352 1705 nificat,
371 1668 415 1694 ac
433 1667 473 1694 se
491 1655 549 1693 illi
565 1655 731 1707 parentis
748 1656 832 1694 loco
849 1655 930 1694 fore
942 1655 1173 1708 pollicetur.)

265 1762 383 1801 Gravi
407 1769 500 1802 teste
528 1762 699 1815 privatus
723 1776 809 1802 sum
835 1763 975 1802 amoris
1000 1762 1143 1802 summi
1167 1775 1257 1814 erga
1285 1770 1322 1802 te

208 1816 299 1866 mei,
319 1824 427 1869 patre
455 1824 536 1865 tuo,
560 1816 768 1856 clarissimo
786 1816 893 1855 viro:
923 1817 1006 1868 qui,
1026 1829 1115 1855 cum
1134 1816 1213 1855 suis
1237 1816 1321 1855 lau-

207 1870 334 1920 dibus,
354 1877 440 1909 tum
462 1883 550 1909 vero
575 1877 612 1908 te
633 1870 727 1920 filio,
759 1871 974 1922 superasset
999 1870 1175 1909 omnium
1200 1870 1321 1908 fortu-

207 1936 312 1973 nam,
345 1925 377 1962 si
403 1924 437 1963 ei
466 1923 696 1975 contigisset,
724 1932 769 1963 ut
792 1932 831 1963 te
856 1932 945 1963 ante
966 1924 1123 1972 videret,
1151 1936 1271 1976 quam
1299 1937 1321 1962 e

208 1978 286 2016 vita
318 1978 533 2017 discederet.
564 1978 639 2017 Sed
668 1991 776 2030 spero
804 1986 974 2017 nostram
1005 1978 1212 2016 amicitiam
1242 1990 1319 2016 non

207 2045 314 2082 egere
332 2032 502 2070 testibus.
531 2032 624 2070 Tibi
638 2032 912 2084 patrimonium
925 2032 993 2070 Dii
1012 2032 1217 2071 fortunent.
1247 2031 1320 2070 Me

206 2093 304 2124 certe
321 2085 491 2132 habebis,
512 2085 573 2125 cui
597 2094 633 2125 et
656 2100 763 2127 carus
786 2100 894 2139 aeque
913 2086 962 2126 sis
989 2092 1026 2126 et
1044 2086 1254 2136 jucundus,
1273 2098 1317 2124 ac

204 2139 310 2178 fuisti
328 2139 438 2191 patri.
467 2140 578 2180 Vale.
