1501 2407
340 101 420 140 AD
448 101 746 142 DIVERSOS.
775 102 876 141 Lm.
910 102 985 142 VI.
1020 103 1081 142 13.
1209 102 1282 146 171

165 209 360 248 memoriae
399 209 618 262 prodendis,
653 210 886 249 considerare
922 210 1050 259 debes,
1084 209 1182 248 nihil
1213 208 1285 248 tibi

164 276 243 302 esse
267 263 600 313 committendum,
627 267 878 316 quamobrem
901 277 1048 314 eorum,
1080 277 1176 316 quos
1197 263 1284 317 lau-

164 317 246 364 dae,
266 324 304 356 te
322 330 400 356 non
419 319 663 356 simillimum
681 320 861 370 praebeas.

216 371 292 410 Sed
309 371 390 410 haec
409 372 526 410 oratio
556 373 680 423 magis
708 380 801 411 esset
820 379 911 424 apta
935 372 984 411 ad
1006 372 1074 410 illa
1092 379 1280 423 tempora,

161 438 249 476 quae
263 425 345 474 jam
359 425 537 477 effugisti.
566 426 607 464 N
609 439 684 465 unc
698 440 786 465 vero
804 433 956 465 tantum
975 434 1012 465 te
1029 439 1122 478 para
1137 425 1185 463 ad
1199 425 1283 463 haec

159 479 360 517 nobiscum
382 479 563 518 ferenda:
594 481 734 531 quibus
760 494 829 532 ego
855 480 886 519 si
915 493 1033 532 quam
1050 479 1282 518 medicinam

160 533 386 580 invenirem,
421 534 491 572 tibi
521 547 674 586 quoque
697 535 871 573 eamdem
902 535 1102 573 traderem.
1132 532 1207 573 Sed
1226 540 1283 571 est

161 599 287 624 unum
306 587 542 639 perfugium,
564 587 735 627 doctrina
752 602 795 627 ac
813 584 1106 640 literae,'quibus
1132 600 1283 638 semper

159 640 220 678 usi
239 653 396 680 sumus:
427 655 514 694 quae
533 643 707 688 secundis
725 645 837 681 rebus
856 642 1143 682 delectationem
1162 640 1278 678 modo

158 693 297 733 habere
325 695 566 744 videbantur,
590 708 695 736 nunc
724 710 813 735 vero
835 697 951 734 etiam
981 693 1155 734 s‘alutem.
1185 693 1278 742 Sed,

157 755 201 786 ut
219 748 269 787 ad
285 749 441 787 initium
465 758 643 798 revertar,
668 764 757 789 cave
775 750 940 798 dubites,
967 750 1063 802 quin
1081 750 1211 789 omnia
1229 747 1277 787 de

157 803 279 842 salute
297 816 341 842 ac
358 803 482 843 reditu
502 811 569 843 tuo
587 805 753 857 perfecta
771 804 859 844 sint.
886 804 999 845 Vale.

382 963 495 1015 (13.)
538 962 750 1002 CICERO
780 961 1045 1003 LIGARIO.

206 1067 528 1118 (Argumentum.
538 1096 592 1103 -
599 1070 750 1109 Solatur
759 1069 962 1121 Ligarium
971 1068 1156 1116 exsulem,
1167 1079 1277 1107 eum-

152 1133 229 1171 que
245 1123 343 1162 bene
362 1136 510 1174 sperare
524 1125 648 1174 jubet,
665 1132 716 1171 et,
737 1131 781 1162 ut
798 1124 941 1162 interea
958 1123 1048 1161 forti
1067 1122 1194 1161 animo
1208 1121 1274 1170 sit,

150 1173 336 1216 hortatur.
366 1177 515 1230 Scripta
532 1185 618 1230 post
634 1177 866 1217 Africanum
884 1177 1033 1217 bellum
1051 1174 1235 1226 videtur.)

205 1283 308 1330 Etsi,
339 1285 408 1324 tali
437 1292 504 1324 tuo
534 1293 718 1338 tempore,
749 1299 826 1335 me,
858 1293 926 1325 aut
955 1284 1173 1324 consolandi
1205 1291 1274 1323 aut

146 1337 311 1387 juvandi
336 1340 394 1378 tui
412 1339 540 1386 causa,
565 1341 727 1379 scribere
744 1340 794 1378 ad
819 1348 856 1379 te
874 1340 1035 1392 aliquid,
1054 1353 1123 1391 pro
1142 1338 1272 1376 nosti-{x

148 1392 330 1440 amicitia,
357 1396 582 1446 oportebat3
612 1402 742 1433 tamen
767 1394 892 1433 adhuc
920 1395 960 1433 id
990 1406 1068 1432 non
1090 1394 1268 1440 feceram,

149 1445 242 1497 quia
272 1459 398 1499 neque
426 1448 545 1487 lenire
577 1448 733 1487 videbar
758 1449 940 1497 oratione,
971 1461 1095 1500 neque
1124 1447 1266 1495 levare,

145 1512 256 1551 posse
280 1501 450 1540 dolorem
483 1509 609 1541 tuum.
652 1503 791 1541 Postea
815 1516 917 1551 vero,
938 1515 1056 1555 quam
1078 1513 1263 1552 magnam

146 1567 254 1606 spem
272 1555 412 1594 habere
430 1556 538 1608 coepi,
558 1557 652 1604 fore,
679 1566 724 1595 ut
746 1564 784 1595 te
801 1557 907 1596 brevi
931 1564 1101 1608 tempore
1119 1555 1268 1593 incolu-

144 1621 250 1647 mem
267 1609 520 1657 haberemus3
550 1611 673 1650 facere
690 1624 766 1649 non
781 1611 904 1663 potui,
922 1611 1017 1663 quin
1036 1610 1106 1649 tibi
1125 1616 1161 1648 et
1180 1621 1266 1651 sen-

145 1663 305 1701 tentiam
325 1672 362 1702 et
379 1664 616 1704 voluntatem
634 1665 866 1704 declararem
882 1678 1022 1704 meam.

199 1717 379 1756 Primum
396 1718 514 1770 igitur
538 1719 716 1767 scribam,
741 1720 845 1772 quod
871 1719 1043 1770 intelligo
1063 1725 1100 1757 et
1118 1717 1265 1770 perspi-

143 1770 215 1818 cio,
245 1784 323 1809 non
343 1772 422 1811 fore
440 1773 481 1810 in
499 1780 537 1811 te
563 1774 753 1812 Caesarem
782 1774 998 1812 duriorem:
1029 1785 1121 1810 nam
1145 1779 1181 1810 et
1205 1783 1266 1810 res

144 1837 234 1862 eum
259 1825 443 1877 quotidie,
476 1835 513 1866 et
537 1827 632 1876 dies,
663 1835 700 1866 et
731 1828 859 1879 opinio
888 1827 1106 1874 hominum,
1139 1834 1176 1864 et
1201 1828 1263 1869 (ut

143 1879 244 1916 mihi
254 1879 420 1930 videtur)
442 1881 557 1920 etiam
569 1895 637 1920 sua
648 1889 798 1931 natura,
811 1882 1000 1920 mitiorem
1011 1881 1125 1919 facit:
1147 1879 1265 1931 idque

142 1945 233 1971 cum
257 1933 305 1972 de
335 1934 492 1986 reliquis
522 1936 655 1983 sentio,
687 1943 773 1974 tum
799 1936 846 1974 de
869 1945 906 1974 te
934 1936 1049 1974 etiam
1075 1934 1189 1973 audio
1215 1946 1264 1971 ex

142 1986 446 2028 familiarissimis
465 1990 571 2039 ejus;
602 1989 743 2041 quibus
763 2003 847 2042 ego,
867 2004 915 2029 ex
934 2003 978 2029 eo
997 1998 1166 2040 tempore
1185 2000 1262 2039 quo

139 2041 312 2092 primurn
347 2055 395 2081 ex
424 2043 562 2082 Afric&
590 2044 749 2083 nuntius
781 2044 898 2093 venit,
934 2044 1148 2096 supplicare
1180 2041 1260 2080 una

140 2108 230 2134 cum
259 2096 440 2136 fratribus
458 2097 534 2137 tuis
562 2109 639 2136 non
669 2098 818 2137 destiti:
850 2111 1015 2151 quorum
1047 2096 1203 2150 quidem
1222 2102 1261 2134 et

128 2149 274 2199 'vix-tus,
294 2158 331 2190 et
348 2151 485 2202 pietas,
506 2159 543 2191 et
560 2164 668 2191 amor
691 2153 733 2191 in
752 2160 789 2192 te
807 2153 1024 2204 singularis,
1044 2161 1081 2191 et
1107 2150 1260 2189 assidua

140 2210 178 2242 et
206 2211 390 2257 perpetua
419 2218 509 2245 cura
543 2206 676 2246 salutis
706 2215 797 2256 tuae,
829 2214 982 2247 tanturn
1013 2205 1175 2259 proficit,
1214 2213 1259 2243 ut

957 2348 966 2374 l
