1501 2407
218 79 293 118 140
422 78 505 117 An
535 78 833 135 DwERsos.
864 80 964 119 Lm.
988 79 1039 119 v.
1074 82 1134 120 19.

327 188 438 236 (18.)
468 187 529 226 M.
562 186 776 227 (nonno
807 190 846 228 5.
868 188 920 227 n.
951 189 1002 228 T.
1031 188 1231 229 FADIO.

274 298 600 347 (Argumentum.
613 319 667 325 —
679 297 729 335 Τ.
746 297 929 346 Fadium,
939 297 1086 347 judicio
1099 298 1343 347 damnatum,

219 359 257 390 et
274 351 360 390 ideo
385 352 573 400 exsulem,
600 352 816 390 consolatur
842 366 865 391 a
893 353 1048 391 miseri&
1072 352 1285 399 communi,
1309 359 1347 391 et

219 406 360 444 virtute
377 404 544 458 proprie,
564 418 712 444 necnon
731 420 755 445 a
769 406 980 445 commodis
999 407 1137 454 exsilii,
1158 419 1236 459 quo
1249 406 1347 445 liber

221 460 270 500 sit
287 462 336 499 ab
355 459 668 513 impendentibus
692 460 831 506 malis;
861 461 1018 499 tandem
1045 463 1095 500 ab
1121 460 1348 500 ixmocentiae

223 515 440 554 testimonio
457 529 468 553 z
499 515 641 567 quibus
660 528 730 553 sua
753 514 931 567 adjungit
948 515 1103 564 officia.)

281 623 366 662 Etsi
384 631 548 676 egomet,
573 623 642 676 qui
671 630 708 662 te
741 624 926 663 consolari
944 624 1072 676 cupio,
1093 623 1347 663 consolandus

225 677 306 729 ipse
324 691 426 726 sum,
446 686 646 730 propterea
664 678 769 729 quod
791 678 941 717 nullam
968 691 1051 717 rem
1075 678 1230 730 gravius
1245 679 1349 728 jam-

225 732 292 770 diu
315 732 388 770 tuli
407 745 526 784 quam
545 732 836 771 incommodum
858 740 969 770 tuum
987 746 1000 779 3
1030 740 1160 771 tamen
1182 740 1221 772 te
1237 745 1349 784 mag-

225 785 366 838 nopere
384 799 463 825 non
475 786 606 824 hortor
624 786 767 832 solum,
789 786 855 825 sed
873 786 1003 835 etiam,
1023 800 1094 839 pro
1112 799 1243 826 amore
1259 799 1350 826 nos-

225 848 298 888 tro,
315 854 407 891 rogo
420 848 535 892 atque
547 853 626 888 oro,
643 848 680 878 te
692 840 862 892 colligas,
874 841 1080 893 virumque
1093 843 1276 893 praebeas,
1297 848 1350 889 et,

223 895 303 946 qua
325 895 540 933 conditione
562 907 696 933 omnes
720 895 909 944 homines,
930 902 969 934 et
1000 895 1143 947 quibus
1164 895 1349 948 tempori-

220 950 294 988 bus
316 949 398 987 nati
425 949 560 997 simus,
589 949 741 1000 cogites.
782 950 880 988 Plus
905 949 978 988 tibi
1004 949 1124 988 virtus
1141 958 1211 988 tua
1228 950 1348 1000 dedit,

222 1016 342 1055 quam
359 1003 515 1042 fortuna
542 1003 726 1049 abstulit;
756 1011 958 1056 propterea
979 1004 1084 1056 quod
1109 1004 1272 1056 adeptus
1290 1018 1344 1053 es,
1411 1044 1413 1047 ,

221 1057 326 1109 quod
343 1070 420 1095 non
438 1057 556 1096 multi
578 1058 754 1097 homines
773 1059 888 1104 novi,
876 1072 887 1082 ·
918 1058 1092 1105 amisisti,
1118 1072 1207 1111 quae
1223 1059 1348 1111 pluri-

222 1112 279 1149 mi
296 1112 471 1150 homines
489 1111 729 1150 nobilissimi.
771 1113 834 1151 Ea
852 1112 1019 1165 denique
1036 1113 1188 1152 videtur
1215 1113 1347 1153 condi-

221 1167 274 1205 tio
292 1166 512 1218 impendere
525 1167 673 1218 legum,
689 1166 939 1217 judiciorum,
959 1175 1193 1220 temporum,
1214 1175 1260 1206 ut
1276 1180 1347 1220 op-

221 1221 315 1259 time
334 1228 463 1259 actum
478 1234 567 1259 cum
580 1234 623 1259 eo
643 1220 815 1260 videatur
829 1235 923 1270 oese,
939 1222 1009 1274 qui
1022 1234 1142 1274 quam
1153 1222 1346 1262 levissima

218 1288 332 1327 poena
351 1277 399 1314 ab
418 1275 490 1314 hac
508 1275 704 1336 republica
722 1276 942 1315 discesserit.

275 1330 342 1368 Tu
366 1342 469 1377 vero,
493 1330 561 1381 qui
580 1337 616 1368 et
635 1329 807 1369 fortunas
826 1338 863 1369 et
881 1331 1020 1370 liberos
1036 1331 1192 1380 habeas,
1213 1339 1252 1370 et
1274 1343 1344 1371 nos

219 1392 448 1435 caeterosque
470 1384 744 1423 necessitudine
764 1392 801 1423 et
818 1385 1084 1424 benevolentia
1101 1392 1230 1424 tecum
1256 1398 1345 1425 con-

216 1438 499 1488 junctissimos:
521 1438 666 1490 quique
679 1452 864 1490 magnam
878 1439 1101 1478 facultatem
1120 1440 1171 1479 sis
1189 1440 1344 1479 habitu-

219 1506 285 1531 rus
303 1491 411 1531 nobis
397 1505 504 1531 scum
523 1501 560 1530 et
579 1505 664 1531 cum
681 1493 862 1532 omnibus
876 1494 952 1532 tuis
971 1494 1150 1541 vivendi;
1180 1501 1232 1544 et,
1253 1506 1342 1534 cum

223 1560 345 1585 unum
360 1547 408 1585 sit
423 1547 615 1596 judicium
634 1561 681 1585 ex
700 1557 779 1586 tam
800 1549 949 1596 multis,
970 1548 1076 1601 quod
1088 1549 1344 1601 reprehenda-

216 1610 295 1647 tur,
315 1610 360 1639 ut
384 1601 488 1653 quod
514 1614 591 1639 una
621 1602 820 1650 sententia,
849 1616 971 1655 eaque
999 1602 1134 1651 dubia,
1164 1603 1345 1655 potentiae

219 1655 332 1705 alicuj
339 1669 383 1693 us
411 1655 669 1694 condonatum
698 1656 962 1704 existimetur3
992 1658 1173 1696 omnibus
1200 1658 1262 1697 his
1293 1657 1342 1696 de

219 1710 343 1748 causis
362 1709 476 1747 debes
495 1710 609 1748 istam
631 1711 848 1749 molestiam
869 1724 989 1764 quam
1011 1712 1205 1751 lenissime
1231 1712 1341 1751 ferre.

222 1764 338 1802 Meus
357 1763 508 1802 animus
528 1764 597 1802 erit
609 1764 647 1802 in
661 1772 698 1802 te
709 1765 924 1817 liberosque
934 1774 1022 1806 tuos
1039 1779 1202 1819 semper,
1223 1778 1341 1820 quem

218 1828 260 1856 tu
282 1831 362 1856 esse
381 1818 453 1866 vis,
469 1826 505 1856 et
521 1819 589 1870 qui
607 1832 687 1857 esse
704 1819 829 1859 debet.
858 1820 969 1860 Vale.

488 1982 602 2029 (19.)
633 1981 846 2022 CICERO
875 1982 1045 2022 RUFO

261 2090 369 2129 (Arr
338 2103 369 2135 ,13
374 2095 583 2128 amentum.
593 2091 840 2142 —Pompeio
857 2092 973 2130 Italia
985 2092 1112 2144 pulso,
1126 2091 1339 2131 Mescinius

214 2143 357 2187 Rufus
377 2144 570 2183 Ciceronis
589 2152 702 2183 antea
721 2159 825 2197 quaes
828 2153 885 2184 tor
904 2146 941 2184 in
973 2146 1182 2207 provincia,
1202 2145 1242 2184 in
1262 2146 1338 2184 illi-

210 2210 268 2244 us,
292 2205 436 2251 tamqu
423 2212 490 2238 ,1111
510 2199 743 2251 reipublicae.
777 2208 897 2239 castra
918 2200 1091 2249 transire,
1120 2212 1197 2239 non
1225 2199 1337 2251 plane
