1481 2422
189 115 270 155 326
393 109 476 149 AD
506 106 806 148 DIVERSOS.
838 106 939 145 111'13.
960 105 1015 145 X.
1043 105 1111 143 35.

187 228 262 264 bus
279 221 322 260 in
339 233 381 260 re
398 218 556 272 publiea
574 216 892 264 administranda,
917 228 1006 268 quae
1024 211 1176 274 Lepido
1198 209 1320 262 digna

189 285 295 326 sunt,
313 282 511 328 perspecta
526 274 660 321 habes,
678 280 725 311 ut
741 271 863 324 paria,
883 278 953 309 aut
980 282 1024 308 eo
1042 267 1246 326 amphora,
1259 276 1321 302 re-

188 334 299 385 liquo
315 337 489 382 tempore
508 335 727 379 exspes-mg
759 334 796 365 et
813 324 975 377 proinde
998 323 1069 362 tuiz
1095 325 1321 360 auctontaoe

187 401 254 427 me
271 385 463 425 tuendum
481 383 689 429 existimes,
705 394 783 433 quo
801 380 872 419 tibi
890 379 1004 431 plura
1021 386 1090 416 tuo
1103 375 1241 415 merito
1254 373 1322 412 de-

188 445 274 482 beo.
303 440 415 478 Vale.
446 438 499 476 D.
521 437 587 476 XI
608 436 799 475 Calendas
825 435 855 474 J
857 434 982 483 unias,
1015 446 1064 472 ex
1093 430 1240 479 castris,
1271 439 1321 467 ex

191 498 317 536 Ponte
334 494 546 545 Argenteo.

191 651 310 704 (35.)
340 651 605 697 LEPIDUS,
636 650 760 689 IMP.
788 648 945 688 ITER.
973 646 1147 687 PONT.
1170 641 1320 684 MAX.

389 708 429 746 S.
444 706 498 744 D.
519 705 725 745 SENAT.
748 704 872 744 POP.
893 703 979 743 PL.
1000 702 1052 751 Q.
1067 703 1121 741 R.

248 817 305 869 (A
312 830 387 866 rgu
393 821 521 853 meatu
528 829 577 852 m..
593 837 646 844 —
662 814 822 866 Recepti
838 813 1002 852 Antonii
1013 824 1167 852 musam
1181 809 1223 848 in
1235 819 1324 846 suos

191 872 334 911 milites
353 870 512 919 confert,
528 869 803 908 dissensionem
818 868 961 908 civium
979 867 1112 920 inique
1129 866 1323 913 ferentes.)

248 980 291 1020 Si
309 992 377 1019 vos
401 978 591 1030 liberique
609 978 724 1017 vestri
745 978 892 1027 valetis,
918 979 1017 1017 bene
1033 983 1113 1015 est:
1145 988 1217 1028 ego
1234 974 1322 1027 qui-

192 1035 284 1074 dem
320 1034 441 1072 valeo.
484 1032 590 1072 Deos
619 1032 873 1084 hominesque
904 1039 1036 1080 toetor,
1073 1038 1202 1083 patres
1231 1042 1324 1068 con·

191 1089 337 1141 scripti,
350 1089 429 1140 qua
449 1096 578 1126 mente
596 1095 633 1126 et
651 1100 730 1139 quo
748 1087 879 1125 animo
892 1099 1043 1138 semper
1055 1085 1097 1123 in
1111 1085 1324 1137 rempubli-

192 1157 279 1183 oem
298 1143 455 1189 fuerim,
468 1149 506 1180 et
521 1155 640 1194 quam
658 1141 757 1180 nihil
775 1141 972 1193 antiquius
990 1139 1188 1179 communi
1199 1139 1323 1178 salute

191 1211 237 1237 ac
254 1198 429 1236 libertate
443 1196 676 1246 judicarim:
707 1196 813 1248 quod
831 1195 938 1235 vobis
959 1195 1067 1234 brevi
1084 1194 1322 1247 probassem,

192 1253 269 1291 nisi
303 1252 402 1290 mihi
439 1251 594 1290 fortuna
626 1250 827 1303 proprium
857 1249 1062 1289 consilium
1094 1249 1323 1288 extorsisset.

192 1307 303 1346 Nam
321 1305 508 1345 exercitus
527 1314 687 1344 cunctus
705 1304 1021 1344 consuetudinem
1039 1316 1152 1343 suam
1169 1303 1211 1342 in
1229 1303 1322 1342 eivi-

191 1363 266 1400 bus
287 1359 610 1412 [conservandis,]
628 1359 903 1411 communique
920 1372 1028 1411 pace,
1048 1358 1232 1397 seditione
1245 1357 1325 1397 fac-

134 1424 142 1428 ‘
191 1416 248 1463 ts,
274 1414 456 1453 retinuit:
486 1427 628 1466 meque
655 1421 773 1452 tantae
799 1413 1060 1452 multitudinis
1079 1412 1220 1452 civium
1240 1413 1324 1452 Ro.

191 1482 399 1508 manorum
418 1469 550 1508 salutis
570 1476 686 1520 atque
713 1468 987 1507 incolumitatis
1017 1480 1172 1507 musam
1202 1467 1323 1506 susci-

192 1537 297 1576 pere,
317 1531 363 1561 ut
382 1536 469 1562 vere
487 1522 628 1569 dicam,
649 1523 784 1574 coe'git.
826 1523 876 1562 In
895 1523 975 1575 qu&
1002 1535 1044 1561 re
1062 1534 1133 1573 ego
1151 1534 1233 1569 vos,
1252 1535 1323 1574 pa-

193 1587 269 1617 tres
288 1577 505 1629 conscripti,
526 1590 591 1616 oro
611 1585 727 1630 atque
745 1579 913 1625 obsecro,
936 1584 996 1625 ut,
1025 1576 1183 1629 privatis
1201 1576 1323 1615 offen-

194 1633 365 1672 sionibus
384 1632 548 1680 omissis,
565 1645 728 1671 summae
743 1632 797 1670 rei
815 1632 980 1684 publicae
991 1631 1211 1680 consulatis,
1226 1643 1323 1670 neve

192 1687 491 1726 misericordiam
510 1695 680 1726 nostram
699 1686 961 1739 exercitusque
987 1686 1123 1735 nostri,
1153 1686 1195 1724 in
1220 1686 1323 1725 civili

191 1741 438 1789 dissensione,
455 1741 604 1780 sceleris
621 1741 704 1780 loco
722 1741 884 1794 ponatis.
915 1741 1035 1789 Quod
1049 1741 1081 1779 si
1094 1739 1227 1780 salutis
1237 1753 1323 1780 om-

193 1797 306 1834 nium
325 1809 370 1834 ac
387 1796 583 1847 dignitatis
602 1796 789 1834 rationem
806 1795 1032 1843 habueritis,
1052 1795 1191 1834 melius
1205 1802 1243 1833 et
1254 1808 1323 1834 vo-

192 1850 311 1958 Risgeet
327 1850 548 1945 reipupslaisscae
567 1850 782 1890 consuletis.
821 1849 931 1891 Data
956 1851 1027 1890 ΠΙ
1047 1850 1133 1890 Cal.
1154 1863 1179 1890 a
1197 1849 1322 1890 Ponte

302 1912 403 1946 uteo.
513 1912 583 1944 ete·
