1481 2422
347 70 433 112 AD
461 70 893 112 DIVERSOS.L113.
922 71 977 111 X.
1007 75 1073 113 25.
1210 75 1286 114 311

166 181 295 221 venire
321 180 518 229 voluisset,
545 188 613 221 aut
640 195 866 234 oppressum
888 183 972 233 jam
996 182 1144 222 bellum
1176 192 1290 232 esset,

162 243 232 276 aut
262 236 304 274 in
334 236 640 275 adversissimam
672 236 731 275 illi
763 237 1012 288 Hispaniam,
1046 251 1137 277 cum
1174 238 1290 277 detri-

161 297 293 329 mento
312 303 445 329 eorum
463 291 649 340 maximo,
669 299 883 330 extrusum.

213 344 318 393 Quae
346 358 456 384 mens
489 359 593 394 eum,
626 354 693 384 aut
729 359 896 398 quorum
925 346 1096 395 consilia,
1128 361 1150 386 3
1180 347 1288 386 tanta

160 399 298 451 gloria,
319 399 391 438 sibi
417 413 505 439 vero
524 401 640 439 etiam
664 400 876 439 necessaria⁴
895 414 938 439 ac
961 401 1132 450 salutari,
1154 403 1289 441 avoca-

159 454 251 502 rint,
272 462 309 492 et
323 454 372 492 ad
391 455 659 506 cogitationem
679 455 897 493 consulatus
911 455 1117 503 bimestris,
1134 469 1288 495 summo

159 521 249 547 cum
268 515 408 549 terrore
426 509 644 557 hominum,
667 517 704 547 et
725 508 870 548 insulsa
890 522 979 548 cum
999 510 1284 561 efflagitatione,

158 563 435 611 transtulerint,
457 571 641 616 exputare
660 576 738 602 non
745 577 926 627 possum.
955 564 1166 603 Multum
1154 578 1195 603 1n
1214 566 1287 604 hac

159 630 201 656 re
230 617 329 655 1111111
361 618 540 657 videntur
572 618 770 657 necessarii
799 620 896 667 ejus,
928 625 966 657 et
993 619 1215 671 reipublicae
1248 628 1285 658 et

155 670 276 723 ipsius
295 685 423 719 causa,
447 673 628 725 proficere
640 686 773 725 Ρο553.
800 673 1029 725 plurimum,
1049 681 1094 712 ut
1111 681 1287 726 puto,tu

157 740 327 778 quoque,
347 728 457 777 cujus
476 727 541 766 ille
560 734 667 766 tanta
684 727 822 766 merita
839 727 970 775 habet,
991 736 1137 780 quanta
1155 741 1284 777 nemo,

156 789 294 833 praeter
323 794 399 820 me.
428 782 648 834 Nunquam
678 782 783 821 enim
807 782 1020 831 01111115331,
1044 783 1219 822 maxima
1243 796 1286 822 ac

155 835 327 888 plurima
343 848 407 875 me
425 836 497 874 tibi
515 836 664 875 debere.

210 890 275 929 De
292 891 353 929 his
371 892 484 929 rebus
503 898 549 929 ut
569 891 736 942 exigeret
748 904 838 930 cum
851 904 909 940 30,
930 891 1078 930 Furnio
1090 892 1286 930 mandavi.

158 944 278 993 Quod
296 945 341 993 si,
363 953 550 997 quantam
568 945 701 994 debeo,
727 946 898 984 habuero
917 946 1023 998 apud
1043 959 1132 984 eum
1152 955 1285 985 aucto-

156 1000 324 1046 ritatem,
355 1000 570 1051 plurimum
600 1000 730 1052 ipsum
752 1002 900 1051 juvero.
930 1001 1015 1040 Nos
1037 1001 1181 1039 interea
1212 1001 1286 1039 du-

156 1054 254 1093 riore
275 1054 490 1093 conditione
509 1055 653 1093 bellum
681 1055 928 1103 sustinemus,
950 1055 1055 1108 quod
1072 1068 1199 1107 neque
1217 1069 1285 1094 ex-

156 1108 436 1161 peditissimam
465 1109 750 1148 dimicationem
779 1118 978 1161 putamus,
1006 1122 1132 1162 neque
1154 1117 1284 1149 tamen

157 1163 384 1215 refugiendo
409 1164 650 1203 commissuri
678 1177 827 1211 sumus,
854 1174 898 1202 ut
923 1165 1052 1215 majus
1079 1164 1286 1203 detrimen-

156 1224 244 1256 tum
263 1218 478 1270 rffipublica
507 1218 675 1270 accipere
699 1219 831 1271 possit.
860 1218 980 1267 Quod
1005 1218 1038 1256 si
1063 1226 1131 1257 aut
1156 1219 1284 1258 Caesar

155 1286 195 1311 se
222 1272 443 1324 respexerit,
475 1280 543 1311 aut
567 1273 766 1312 Africanae
790 1273 959 1325 legiones
977 1273 1148 1312 celeriter
1169 1286 1285 1312 vene-

155 1327 247 1374 rint,
268 1340 417 1366 securos
435 1340 502 1365 vos
521 1329 569 1366 ab
587 1328 659 1366 hac
677 1335 785 1379 parte
812 1327 1029 1366 reddemus.
1058 1328 1140 1376 Tu,
1161 1336 1206 1366 ut
1224 1328 1285 1366 in-

155 1381 328 1429 stituisti,
360 1394 424 1420 me
485 1381 607 1428 ’”σ35,
640 1395 746 1433 rogo,
784 1382 1014 1434 proprieque
1045 1390 1156 1421 tuum
1188 1396 1283 1431 esse,

153 1436 224 1476 tibi
242 1436 482 1489 persuadeas.
514 1437 554 1476 V
575 1436 660 1476 Cal.
684 1435 863 1489 [Sextii]
885 1449 934 1475 ex
952 1437 1096 1476 castris.
1125 1437 1240 1476 Vale.

325 1596 446 1651 (25.)
476 1597 692 1639 CICERO
722 1599 762 1638 S.
776 1599 830 1638 D.
861 1599 1103 1640 FURNIO.

209 1707 537 1760 (Argumentum.
552 1729 607 1739 —
619 1708 799 1748 Modeste
818 1709 1062 1761 reprehendit
1075 1709 1116 1747 in
1135 1709 1283 1748 Furnio

151 1775 435 1815 praeproperam
454 1771 631 1816 praeturae
648 1762 964 1814 festinationem.)

209 1872 252 1910 Si
270 1871 426 1910 interest
456 1872 527 1919 (id,
540 1873 661 1924 -quod
678 1873 854 1911 homines
873 1872 1125 1922 arbitrantur)
1153 1872 1282 1924 reipu-

153 1926 278 1974 blicae,
299 1934 351 1976 te,
371 1934 416 1964 ut
433 1926 630 1965 instituisti
649 1934 765 1979 atque
790 1926 924 1974 fecisti,
951 1940 1091 1965 navare
1109 1940 1281 1978 operam,

155 1982 347 2032 rebusque
365 1981 561 2029 maximis,
582 1995 670 2033 quae
699 1982 749 2020 ad
778 1981 1076 2033 exstinguendas
1102 1981 1282 2033 reliquias

155 2035 250 2074 belli
267 2034 473 2086 pertinent,
486 2035 666 2075 interesse
681 2050 695 2083 ;
724 2036 823 2074 nihil
834 2036 971 2075 videris
989 2036 1144 2084 melius,
1157 2048 1285 2087 neque

156 2089 405 2138 laudabilius,
425 2102 551 2142 neque
569 2090 781 2138 honestius,
800 2091 924 2129 facere
934 2103 1069 2142 posse:
1091 2090 1284 2141 istamque

154 2156 312 2195 operam
331 2150 454 2193 tuam,
475 2144 698 2194 navitatem,
723 2144 900 2184 animum
924 2145 966 2183 in
985 2144 1281 2194 rempublicam,

155 2197 336 2237 celeritati
355 2206 533 2250 praeturae
551 2199 860 2252 anteponendam
879 2212 1024 2238 censeo.
1056 2199 1161 2237 Nolo
1179 2198 1283 2237 3111111
