1481 2422
183 115 263 153 310
384 114 467 154 AD
496 115 794 157 DIVERSOS.
824 115 925 155 Lm.
958 114 1013 154 X.
1044 116 1112 155 24.

181 223 383 263 consilium
412 232 603 274 nostrum,
634 225 718 274 etsi,
748 233 895 278 quanta
921 225 971 264 sit
991 223 1151 264 aviditas
1178 223 1306 263 homi-

179 290 291 325 num,
308 291 386 317 non
400 279 482 318 sine
501 281 629 328 causa,
642 281 730 319 talis
749 280 928 329 victoriae‚
944 279 1035 328 scio,
1048 286 1178 318 tamen
1197 278 1305 317 vobis

181 332 336 383 probari
350 346 472 385 spero
500 335 595 373 Non
609 335 726 381 enim,
742 334 776 373 si
787 335 882 387 quid
892 334 933 372 in
944 334 1005 372 his
1016 333 1242 372 exercitibus
1257 333 1307 371 sit

183 386 389 437 offensum,
412 401 555 440 magna
577 389 748 428 subsidia
772 389 987 441 respublica
1008 387 1124 427 habet
1149 386 1308 440 expedi·

182 448 236 490 ta,
257 442 398 493 quibus
425 444 550 481 subito
568 443 716 495 impetu
740 456 783 482 ac
807 443 1005 482 latrocinio
1030 442 1307 494 parricidarum

181 495 341 534 resistat.
373 496 512 558 Copias
531 511 619 536 vero
644 506 790 536 nostras
814 505 922 535 notas
940 497 1011 535 tibi
1030 510 1109 535 esse
1132 496 1306 535 arbitror.

184 549 234 588 In
254 550 382 589 castris
401 552 496 590 meis
517 551 687 603 legiones
711 559 801 590 sunt
823 559 1009 590 veteranae
1027 559 1116 598 troe,
1136 550 1307 589 tironum

182 604 244 642 vel
262 605 565 644 luculentissima
584 619 631 644 ex
650 606 830 644 omnibus
848 618 954 652 una3
984 605 1025 643 in
1044 604 1174 644 castris
1194 604 1310 643 Bruti

184 671 265 697 una
289 667 465 698 veterana
494 661 609 722 legio,
641 660 759 698 altera
780 660 900 708 bima,
924 666 1008 698 octo
1035 660 1216 698 tironum.
1246 659 1311 697 Ita

183 713 383 752 universus
409 715 596 752 exercitus
623 726 785 754 numero
807 714 1067 776 amplissimus
1093 720 1164 761 est,
1188 712 1310 752 firmi-

184 773 260 805 tate
280 768 455 819 exiguus.
485 768 691 816 Quantum
710 777 841 808 autern
855 768 897 806 in
915 769 994 807 acie
1012 767 1126 806 tironi
1138 768 1186 806 sit
1203 780 1310 807 com-

182 821 432 871 mittendum,
453 822 619 861 nimium
639 835 739 875 saepe
757 831 960 875 expertum
978 823 1179 862 habemus.

235 876 304 914 Ad
322 877 395 915 hoc
413 879 530 916 robur
549 885 767 916 nostrorum
786 877 1038 925 exercituum,
1059 876 1137 915 sive
1154 876 1310 916 Africa-

182 943 256 969 nus
276 932 477 981 exereitus,
501 932 570 984 qui
592 940 647 971 est
661 940 876 980 veteranus,
896 931 975 971 sive
993 931 1167 981 Caesaris,
1187 944 1311 971 acces-

183 985 303 1033 sisset,
325 999 435 1037 aequo
458 987 588 1025 animo
607 1000 803 1025 summam
820 986 1100 1039 rempublicam
1118 986 1157 1024 in
1177 985 1310 1025 discri-

181 1051 272 1077 men
304 1039 588 1080 deduceremus.
618 1041 835 1093 Aliquanto
865 1048 996 1080 autem
1024 1039 1182 1093 propius
1211 1052 1307 1089 esse,

182 1093 288 1145 quod
317 1094 367 1132 ad
389 1095 582 1134 Caesarem
604 1096 755 1144 attinet,
782 1095 1020 1134 videbamus.
1049 1094 1162 1133 Nihil
1183 1093 1310 1133 destiti

184 1161 276 1186 eum
298 1148 418 1188 literis
440 1150 608 1189 hortari:
639 1163 765 1202 neque
788 1150 854 1188 ille
876 1149 1080 1188 intermisit
1103 1148 1307 1197 affirmare,

182 1215 222 1241 se
240 1202 322 1242 sine
338 1204 449 1243 111013
467 1205 596 1243 venire
611 1219 624 1252 3
655 1218 745 1244 curn
760 1204 914 1243 interim
931 1216 1109 1243 aversum
1126 1203 1239 1241 illum
1258 1204 1308 1242 ab

181 1256 254 1296 hae
284 1258 511 1310 cogitatione
539 1259 590 1297 ad
618 1259 694 1298 alia
719 1259 875 1298 consilia
896 1259 1006 1298 video
1029 1271 1069 1298 se
1090 1257 1306 1297 contulisse.

182 1310 272 1363 Ego
290 1319 421 1352 tamen
436 1313 485 1352 ad
500 1326 589 1352 eum
602 1313 795 1352 Furnium
813 1321 988 1352 nostrum
1007 1325 1096 1352 cum
1114 1312 1308 1351 mandatis

180 1365 377 1419 literisque
395 1367 498 1416 misi,
526 1368 558 1405 si
577 1368 673 1420 quid
690 1368 787 1406 forte
805 1367 985 1419 proficere
1002 1374 1141 1419 posset.

234 1421 316 1460 Seis
334 1429 392 1469 tu,
412 1422 469 1459 mi
489 1421 636 1470 Cicero,
663 1421 769 1474 quod
793 1422 842 1460 ad
870 1422 1033 1461 Caesaris
1059 1433 1230 1459 amorem
1248 1428 1308 1459 at-

179 1474 289 1524 tinet,
310 1476 527 1514 societatem
546 1476 644 1514 mihi
658 1489 737 1514 esse
747 1483 901 1522 tecum,
890 1490 900 1500 ·
933 1477 993 1514 vel
1011 1475 1117 1528 quod
1133 1475 1174 1513 in
1192 1475 1308 1514 fami-

177 1528 342 1567 liaritate
361 1529 536 1579 Caesaris,
557 1530 643 1569 vivo
662 1530 744 1576 1110,
763 1532 846 1592 jam
865 1531 964 1569 tueri
983 1543 1073 1569 eum
1093 1539 1130 1568 et
1149 1530 1308 1581 diligere

178 1583 254 1622 fuit
271 1583 369 1622 mihi
398 1597 575 1631 1100055ος
606 1585 668 1623 vel
692 1585 828 1636 quod
817 1598 899 1637 lpse
927 1584 1075 1637 (quoad
1102 1597 1172 1636 ego
1196 1587 1308 1623 nosse

177 1637 305 1689 potui)
325 1639 618 1677 moderatissimi
635 1647 751 1691 atque
765 1638 1035 1678 humanissimi
1052 1638 1128 1677 fuit
1147 1641 1303 1677 sensus·
1290 1666 1304 1684 ,

178 1692 239 1730 vel
254 1692 372 1744 quod,
390 1706 438 1732 ex
457 1700 538 1732 tam
557 1694 698 1745 insigni
717 1694 886 1732 3111101113
903 1707 991 1732 11103
1003 1700 1118 1745 atque
1130 1692 1306 1742 Caesaris,

177 1746 297 1796 hunc,
317 1747 388 1786 filii
406 1748 503 1796 loco,
520 1755 557 1787 et
568 1747 672 1786 illius
685 1755 721 1786 et
740 1755 863 1787 vestro
878 1748 1023 1799 judicio
1037 1747 1306 1791 substitutum,

174 1813 253 1839 non
271 1801 428 1853 perinde
447 1802 600 1850 habere,
628 1810 740 1854 turpe
768 1802 867 1840 mihi
885 1802 1045 1840 videtur.
1076 1801 1166 1863 Sed,
1187 1801 1302 1854 quid-

179 1855 275 1908 quid
305 1855 376 1894 tibi
400 1856 537 1906 scribo,
564 1856 737 1895 dolenter
763 1844 1014 1907 (mehercule)
1041 1856 1166 1908 magis
1185 1869 1306 1908 quam

180 1909 336 1948 inimice
352 1910 462 1949 facio.

232 1963 352 2012 Quod
380 1965 475 2003 vivit
505 1965 704 2003 Antonius
732 1965 861 2013 hodie,
895 1964 1000 2017 quod
1022 1964 1195 2017 Lepidus
1223 1966 1304 2004 11113

177 2025 246 2067 est,
267 2018 374 2070 quod
391 2019 578 2058 exercitus
600 2019 743 2058 habent
766 2032 845 2058 non
863 2019 1174 2068 contemnendos,
1198 2020 1303 2072 quod

176 2081 345 2126 sperant,
365 2073 470 2125 quod
481 2073 650 2120 audent3
671 2086 785 2112 omne
797 2073 938 2115 085311
951 2081 1149 2125 acceptum
1163 2075 1302 2113 referre

174 2135 348 2179 possunt.
374 2128 516 2180 Neque
545 2140 617 2179 ego
643 2128 838 2180 superiora
866 2135 1048 2180 repetam.
1078 2127 1156 2167 Sed
1184 2141 1232 2167 ex
1255 2141 1300 2189 eo

175 2192 360 2235 ternpore,
391 2195 470 2235 quo
498 2182 580 2234 ipse
609 2182 705 2222 mihi
732 2182 923 2235 professus
950 2189 1006 2222 est
1033 2195 1073 2222 se
1100 2182 1301 2231 venir-esen
