1501 2407
240 112 293 150 38
439 108 521 148 AD
551 107 845 147 DIVERSOS.
877 107 975 146 1113.
1007 106 1065 145 ΙΙ.
1095 106 1132 152 7.

239 218 322 265 (7.)
368 216 429 256 Μ.
450 216 501 255 Τ.
523 217 568 256 C.
609 214 967 262 PROCONSUL,
1008 214 1053 253 C.
1085 211 1348 260 CURIONI,

535 269 802 309 TRIBUNO
831 269 915 308 PL.
947 269 986 308 S.
1007 268 1060 306 D.

295 380 616 429 (Argumentum.
631 398 685 407 -—
697 376 762 415 Ex
788 375 922 415 Cilicia
941 375 1100 415 Curioni
1118 374 1166 413 de
1178 373 1352 412 tribuna-

240 441 284 473 tu
295 434 417 485 plebis
431 433 644 484 gratulatur
656 445 668 477 ς
689 431 952 482 hortaturque,
965 442 1014 468 ne
1025 431 1133 479 cujus
1152 428 1352 467 consilium

240 495 434 540 sequatur,
449 486 527 534 sed,
542 485 645 538 quod
656 492 802 523 rectum
814 491 883 532 est,
900 491 1112 523 constanter
1126 482 1264 528 faciat3
1285 494 1354 520 nec

241 541 409 594 patiatur
427 540 500 579 sibi
517 539 751 592 provinciam
770 537 995 590 prorogari.)

294 650 386 688 Sera
403 647 607 700 gratulatio
631 646 855 698 reprehendi
873 657 949 683 non
968 644 1075 692 solet,
1095 642 1305 696 praesertim
1325 643 1356 680 si

239 703 349 741 nulla
378 701 610 753 negligentia
634 700 886 751 praetennissa
910 709 976 737 est.
1007 698 1143 750 Longe
1160 697 1263 736 enim
1288 698 1356 735 ab·

239 770 355 796 sum:
385 755 500 794 audio
515 767 607 793 sero.
639 754 714 793 Sed
733 753 802 791 tibi
821 760 857 791 et
876 753 1059 804 gratulor,
1080 760 1131 800 et,
1151 759 1197 790 ut
1214 751 1359 802 sempi-

237 819 354 850 ternae
378 809 486 848 laudi
514 808 584 847 tibi
614 808 662 846 sit
690 808 759 845 iste
787 807 1020 852 tribunatus,
1046 812 1211 857 exopto:
1242 812 1357 856 teque

237 865 381 911 hortor,
414 870 459 901 ut
488 862 617 900 omnia
646 863 833 912 gubernes
863 867 901 899 et
929 860 1123 898 moderere
1151 858 1357 910 prudentia

236 917 305 957 tua
321 932 332 964 3
363 930 411 955 ne
430 924 467 955 te
482 915 657 954 auferant
675 915 838 952 aliorum
858 913 1024 953 consilia.
1055 913 1184 951 Nemo
1199 919 1270 960 est,
1286 912 1354 963 qui

235 972 307 1011 tibi
325 968 532 1022 sapientius
558 969 714 1008 suadere
738 968 858 1020 possit
883 975 920 1006 te
939 967 1046 1019 ipso:
1077 979 1278 1019 nunquam
1296 967 1354 1004 la-

235 1027 340 1074 bere,
361 1025 393 1064 si
410 1032 447 1062 te
468 1023 610 1062 audies.
641 1023 732 1061 Non
760 1022 880 1061 scribo
897 1022 971 1060 hoc
988 1028 1154 1059 temere:
1185 1019 1247 1059 cui
1265 1019 1355 1059 scri-

236 1081 343 1128 bam,
377 1078 511 1117 video:
542 1077 631 1115 novi
660 1076 849 1124 animum,
880 1075 969 1113 novi
992 1074 1194 1113 consilium
1225 1081 1353 1113 tuum.

239 1134 333 1172 Non
356 1145 497 1177 vereor,
518 1143 566 1170 ne
585 1130 679 1183 quid
703 1129 850 1177 timide,
874 1141 922 1167 ne
943 1128 1038 1181 quid
1063 1129 1191 1177 stulte,
1222 1128 1352 1176 facias,

243 1187 276 1226 si
295 1201 338 1226 ea
356 1185 547 1233 defendes,
564 1198 650 1236 quae
668 1184 750 1235 ipse
768 1191 870 1222 recta
897 1196 974 1221 esse
998 1182 1146 1221 senties.
1177 1181 1296 1230 Quod
1313 1182 1354 1220 in

242 1241 285 1279 id
302 1239 519 1292 reipublicae
537 1246 688 1290 ternpus
707 1250 783 1275 non
801 1236 989 1284 incideris,
1010 1236 1075 1275 sed
1093 1236 1254 1284 veneris,
1275 1237 1356 1285 (ju-

241 1294 341 1333 dicio
375 1293 477 1332 enim
498 1300 579 1341 tuo,
606 1304 683 1330 non
706 1304 810 1335 casu,
837 1291 877 1328 in
901 1290 1030 1341 ipsum
1059 1289 1262 1328 discrimen
1294 1303 1353 1328 re-

241 1361 329 1387 rum
366 1346 558 1386 contulisti
589 1345 827 1384 tribunatum
864 1351 994 1390 tuum)
1031 1343 1198 1395 profecto
1235 1343 1355 1391 vides,

242 1408 388 1454 quanta
405 1400 463 1439 vis
480 1400 521 1437 in
540 1398 734 1451 republica
753 1405 971 1449 temporum
989 1397 1051 1443 sit,
1072 1404 1217 1448 quanta
1235 1398 1361 1436 varie-

240 1463 300 1494 tas
318 1466 461 1501 rerum,
482 1466 600 1505 quam
621 1453 754 1491 incerti
773 1452 910 1498 exitus,
938 1464 1056 1503 quam
1074 1450 1260 1490 flexibiles
1285 1451 1357 1490 ho-

236 1510 390 1548 minum
408 1507 633 1546 voluntates.
663 1505 773 1554 Quid
789 1506 1028 1552 insidiarum,
1050 1504 1144 1557 quid
1164 1504 1358 1554 vanitatis,

236 1563 279 1601 in
297 1560 388 1610 vita,
415 1573 493 1599 non
525 1560 672 1607 dubim,
703 1559 798 1611 quin
828 1560 979 1611 cogites.
1009 1559 1086 1598 Sed
1110 1562 1124 1605 (
1131 1561 1268 1598 amabo
1298 1558 1355 1608 te)

243 1630 349 1665 cura,
377 1622 414 1654 et
443 1615 565 1666 cogita
593 1614 690 1652 nihil
719 1614 833 1660 novi3
863 1613 929 1652 sed
950 1612 1076 1657 (illud
1104 1612 1222 1661 idem,
1253 1613 1358 1664 quod

242 1670 352 1710 initio
370 1668 515 1720 scripsi)
531 1676 658 1706 tecum
671 1668 827 1719 loquere
843 1681 853 1705 ε
881 1673 918 1705 te
930 1666 1070 1705 adhibe
1083 1666 1123 1704 in
1135 1666 1356 1706 eonsilium:

244 1732 284 1764 te
301 1723 416 1762 audi:
446 1722 517 1761 tibi
529 1723 760 1773 obtempera.
788 1721 917 1759 Alteri
928 1721 995 1772 qui
1009 1720 1148 1759 melius
1166 1720 1256 1760 dare
1269 1733 1361 1759 oon-

243 1777 375 1817 silium
403 1776 534 1828 possit,
565 1788 682 1827 quam
705 1782 763 1823 tu,
790 1787 867 1813 non
889 1774 999 1813 facile
1025 1774 1186 1813 inveniri
1207 1781 1332 1827 potest
1346 1789 1358 1813 ε

242 1832 316 1871 tibi
340 1843 428 1869 vero
452 1829 526 1881 ipsi
555 1836 652 1868 certe
674 1841 787 1867 nemo
811 1828 949 1867 melius
967 1828 1083 1867 dabit.
1115 1827 1184 1866 Dii
1202 1828 1360 1867 immor-

245 1884 367 1925 taloe!
405 1896 473 1922 cur
499 1896 567 1934 ego
599 1895 675 1920 non
704 1882 854 1930 adsum,
890 1882 950 1920 vel
983 1890 1168 1933 spectator
1198 1882 1361 1921 laudum

245 1947 416 1985 tuarum,
436 1937 497 1975 vel
524 1937 725 1988 particeps,
749 1937 808 1975 vel
833 1935 969 1984 socius,
991 1935 1051 1974 vel
1080 1935 1254 1974 minister
1272 1948 1362 1974 con·
1397 1932 1402 1935 ”

245 1993 420 2033 siliorum
436 1992 454 2029 Ρ
486 1989 675 2042 [tametsi]
715 1989 787 2028 hoc
821 1989 982 2027 minime
1013 1989 1083 2027 tibi
1118 1989 1250 2035 deest3
1294 1990 1361 2028 sed

248 2054 379 2085 tamen
398 2044 558 2083 efficeret
574 2043 800 2095 magnitudo
817 2051 855 2083 et
872 2043 928 2082 vis
943 2042 1083 2082 amoris
1101 2043 1191 2092 mei,
1207 2043 1363 2082 consilio

249 2108 288 2141 te
304 2106 350 2138 ut
366 2111 516 2151 possem
531 2099 676 2148 juvare.

304 2153 476 2193 Scribam
504 2151 554 2190 ad
582 2158 619 2189 te
648 2151 760 2203 plura
791 2151 907 2190 alias:
937 2150 1070 2203 paucis
1098 2150 1201 2189 enim
1226 2149 1360 2189 diebus

248 2220 352 2249 eram
369 2205 554 2246 missurus
574 2204 798 2246 domesticos
822 2204 1062 2251 tabellarios3
1091 2212 1149 2255 ut,
1174 2203 1361 2257 quoniam
