1501 2407
207 76 255 114 10
431 76 841 117 ADDIVERSOS.
870 77 1096 122 L113.l.7.

201 185 368 222 buerunt
386 191 426 222 et
438 185 679 237 plurimum
664 198 799 235 juvare
813 191 1035 246 potuerunt,
1047 183 1228 223 invidisse
1236 183 1323 234 dig-

202 237 314 276 nitati
333 246 437 277 tuae·
468 239 828 291 simillimamque,'
817 252 857 277 m
881 252 922 278 re
940 239 1132 287 dissimili,
1148 238 1207 276 tui
1225 244 1324 276 tem-

202 291 304 342 poris
322 305 441 339 nunc,
455 300 493 332 et
517 294 637 332 nostri
655 293 851 345 quondam
870 292 1001 341 fuisse,
1022 293 1240 338 rationem3
1261 297 1322 340 ut,

203 358 299 396 quos
317 353 362 384 tu
381 347 599 398 reipublicae
618 361 732 386 031153
748 348 910 396 laeseras,
923 348 1055 399 palam
1073 354 1111 385 te
1122 357 1324 398 oppugna-

203 407 288 437 rent
300 414 312 446 ;
342 414 509 451 quorum
523 402 799 449 auctoritatem,
815 401 1055 452 dignitatem,
1068 402 1325 440 voluntatem-

202 466 279 503 que
297 454 531 502 defenderas,
552 469 628 494 non
640 463 721 494 tam
734 469 920 494 memores
932 463 1056 494 essent
1066 454 1216 494 virtutis
1230 461 1322 502 tuae‚

203 520 323 557 quam
340 509 466 548 laudis
480 510 636 548 inimici.
666 510 758 557 Quo
777 509 935 562 quidem
954 517 1139 561 tempore,
1161 512 1223 552 (ut
1236 520 1324 559 per-

203 562 334 613 scripsi
352 563 402 601 ad.
420 573 457 602 te
475 572 601 611 antea)
622 564 781 615 cognovi
800 564 1053 602 Hortensium
1071 562 1325 615 percupidum

205 615 278 664 tui,
307 617 522 656 studiosum
546 618 786 665 Lucullum3
818 631 866 656 ex
885 618 1170 669 magistratibus
1193 624 1323 655 autem

206 669 254 706 L.
275 671 471 709 Racilium
493 680 530 710 et
548 672 623 710 fide
642 680 679 710 et
699 672 828 710 animo
843 672 1039 723 singulari.
1069 672 1178 710 Nam
1196 678 1325 709 nostra

204 725 459 775 propugnatio
478 740 521 765 ac
539 726 705 764 defensio
724 725 920 777 dignitatis
938 734 1029 774 tuae,
1044 732 1198 777 propter
1215 737 1326 775 mag-

206 777 422 816 nitudinem
440 780 614 818 beneficii
633 779 704 827 tui,
724 780 881 818 fortasse
899 779 1092 831 plerisque
1110 778 1224 817 officii
1240 791 1324 816 1113-

201 832 326 880 jorem
345 834 608 872 auctoritatem
626 834 767 871 habere
778 833 966 881 videatur,
979 846 1099 885 quam
1117 833 1324 871 sententiae.

207 886 396 925 Praeterea
415 888 570 939 quidem
591 888 638 926 de
657 887 918 926 consularibus
930 886 1076 925 nemini
1087 899 1244 938 possum
1258 893 1327 925 aut

205 940 321 978 studii
329 954 417 991 erga
424 949 476 989 te,
484 949 551 979 aut
557 941 684 990 officii,
695 948 762 979 aut
770 941 883 979 amici
891 940 1023 1003 31111111,
1034 953 1113 979 5555
1120 940 1237 979 testis.
1253 940 1328 979 Et-

206 994 309 1032 enim
325 995 572 1047 Pompeium,
587 995 655 1047 qui
667 1008 822 1033 mecum
835 995 1042 1046 saepissime
1053 997 1148 1038 (non
1160 995 1286 1033 solum
1305 1008 1329 1033 a

206 1061 270 1086 me
285 1058 524 1099 provocatus,
537 1050 606 1088 sed
616 1049 732 1088 etiam
745 1050 816 1088 su‘a
830 1056 981 1100 sponte)
993 1048 1042 1088 de
1060 1055 1098 1087 te
1111 1049 1328 1087 communi-

206 1115 290 1140 care
309 1103 417 1151 solet,
445 1104 531 1151 scis,
553 1104 792 1155 temporibus
813 1103 890 1142 illis
914 1116 994 1142 non
1015 1116 1115 1154 saepe
1131 1102 1174 1141 in
1193 1110 1328 1141 senatu

207 1155 338 1195 fuisse.
380 1157 457 1196 Cui
487 1158 646 1209 quidem
674 1158 794 1196 literae
817 1165 909 1207 tuae,
934 1171 1030 1208 quas
1059 1157 1236 1208 proxime
1254 1157 1328 1195 mi-

208 1224 323 1258 seras,
340 1212 461 1263 (quod
480 1212 590 1250 facile
604 1211 878 1260 intellexerim)
897 1211 1146 1263 perjucundae
1157 1211 1328 1250 fuerunt.

209 1265 316 1303 Mihi
334 1266 490 1317 quidem
516 1266 737 1304 humanitas
760 1273 842 1315 tua,
870 1266 931 1303 vel
953 1278 1107 1304 summa
1124 1265 1252 1317 potius
1271 1279 1331 1304 sa-

208 1319 366 1370 pientia,
386 1332 463 1358 non
483 1320 655 1369 jucunda
681 1320 821 1368 50111111,
848 1319 914 1358 55(1
939 1319 1054 1358 etiam
1077 1319 1330 1368 admirabilis,

209 1373 289 1411 visa
303 1382 372 1412 est.
402 1374 547 1413 Virum
580 1374 683 1412 enim
703 1374 970 1422 excellentem,
991 1380 1029 1412 et
1047 1373 1118 1412 tibi
1145 1373 1215 1412 tua
1231 1386 1332 1426 prae-

208 1428 325 1465 stanti
342 1428 383 1465 in
402 1441 493 1466 eum
506 1428 733 1466 liberalitate
752 1428 988 1477 devinctum,
1009 1427 1186 1466 nonnihil
1208 1428 1332 1480 suspi-

209 1490 373 1529 cantem,
393 1490 548 1533 propter
566 1483 785 1534 aliquorum
803 1482 1024 1533 opinionem
1046 1495 1125 1520 suae
1143 1481 1334 1544 cupidita-

211 1535 272 1581 tis,
293 1544 330 1574 te
344 1538 393 1574 ab
412 1549 451 1575 se
469 1536 742 1584 abalienatum,
758 1536 828 1574 1113
840 1536 1000 1588 epistola
1018 1536 1217 1574 retinuisti.
1246 1535 1331 1584 Qui

209 1590 307 1628 mihi
326 1603 412 1628 cum
434 1603 584 1641 semper
613 1598 690 1628 tuae
718 1590 826 1628 laudi
843 1590 971 1628 favere
993 1589 1097 1629 visus
1123 1597 1193 1638 est,
1214 1590 1331 1629 etiam

210 1644 292 1696 ipso
322 1644 633 1696 suspiciosissimo
658 1652 830 1695 tempore
848 1644 1092 1690 Caninian03
1122 1650 1207 1682 tum
1227 1657 1331 1691 vero,

211 1698 316 1737 lectis
335 1699 410 1736 tuis
428 1699 561 1746 literis,
588 1706 807 1750 perspectus
826 1705 881 1736 est
899 1712 922 1737 a
939 1711 1017 1746 me,
1038 1705 1118 1736 toto
1136 1698 1266 1738 animo
1281 1699 1332 1738 de

212 1763 249 1790 te
268 1765 311 1790 ac
330 1753 377 1791 de
395 1753 471 1791 tuis
489 1753 722 1791 ornamentis
741 1759 777 1790 et
792 1752 1002 1791 commodis
1020 1752 1196 1803 cogitare.

263 1807 397 1853 Quare
409 1820 466 1853 53,
481 1820 568 1858 quae
580 1807 757 1854 scribam,
775 1807 828 1844 sic
841 1807 995 1855 habeto,
1012 1819 1090 1855 me,
1104 1819 1194 1844 cum
1204 1807 1272 1844 illo
1291 1821 1332 1846 re

211 1874 310 1912 saepe
342 1861 637 1908 communicata,
667 1860 714 1898 de
739 1860 842 1898 iuius
866 1860 915 1898 ad
943 1868 980 1899 te
1004 1860 1191 1898 sententia
1217 1869 1333 1912 atque

213 1915 448 1963 auctoritate,
478 1915 666 1953 scribere·
709 1914 905 1962 Quoniam
944 1915 1333 1954 senatus-consultum

212 1970 366 2007 nullum
394 1976 530 2016 exstat,
555 1982 632 2021 quo
660 1968 829 2007 reductio
831 1968 952 2035 regis
979 1968 1238 2007 Alexandrini
1261 1969 1331 2008 tibi

212 2023 365 2061 ademta
379 2024 451 2069 sit3
482 2037 616 2075 eaque,
637 2036 724 2074 quae
743 2023 790 2060 de
809 2036 854 2061 53
873 2023 1011 2074 scripta
1029 2030 1098 2071 est,
1111 2023 1330 2084 auctoritas,

212 2077 277 2116 cui
294 2077 364 2116 5015
383 2077 630 2116 intercessum
656 2090 748 2123 esse,
774 2083 816 2114 ut
838 2089 887 2114 ne
912 2077 1020 2137 quis.
1022 2076 1180 2115 omnino
1201 2090 1332 2128 regem

214 2131 423 2180 reduceret,
443 2139 591 2169 tantam
611 2132 691 2169 vim
709 2131 839 2178 habet,
854 2137 899 2168 ut
917 2130 1042 2182 magis
1060 2131 1246 2170 iratorum
1263 2132 1333 2170 ho-

212 2185 364 2224 minum
384 2185 571 2235 studium,
588 2198 706 2238 quam
725 2185 931 2225 constantis
945 2187 1098 2225 senatfls
1116 2184 1334 2234 consilium,
