1501 2407
271 109 356 149 AD
385 109 687 151 DIVERSOS.
718 110 822 149 Lm.
846 109 949 149 VII.
981 110 1050 148 26.
1146 109 1226 154 207

95 230 197 257 mus.
224 218 384 269 Vereor,
403 232 453 258 ne
469 220 511 258 in
531 219 741 259 Catonium
761 218 981 258 Catoninos.
1011 218 1076 257 Mi
1096 218 1225 267 Galle,

93 285 188 312 cave
216 280 328 325 putes
360 274 578 327 quidquam
607 274 762 321 melius,
797 287 917 326 quam
948 273 1118 326 epistolae
1148 280 1227 310 tuae

94 334 245 379 partem
265 330 314 367 ab
333 342 378 367 eo
395 330 493 377 loco,
517 331 546 351 ‘⁶
566 336 702 368 caetera
719 328 947 367 labuntur.''
977 328 1128 366 Secreto
1155 326 1229 365 hoc

95 381 211 419 audi:
229 388 357 421 tecum
372 383 512 422 habeto
527 398 538 421 τ
559 397 609 422 ne
623 383 778 435 Apellae
797 383 970 435 quidem,
984 382 1122 420 liberto
1141 388 1224 429 tuo,

94 435 236 474 dixeris
280 438 426 476 Praeter
445 438 523 476 duo
542 451 625 483 nos,
645 437 819 489 loquitur
844 438 916 476 isto
941 437 1058 475 modo
1083 448 1197 474 nemo
1212 449 1224 473 ε

92 491 191 528 bene
201 492 367 541 malene,
381 492 510 531 videro
525 507 535 531 z
567 492 647 541 sed,
664 491 855 545 quidquid
874 499 944 540 est,
965 498 1138 529 nostrum
1155 497 1224 528 est.

90 543 201 596 Urge
219 545 338 597 igitur
354 561 365 584 ε
396 560 468 586 nec
485 553 745 586 transversum
764 560 938 598 unguem
961 545 1082 599 (quod
1094 543 1221 594 aiunt)

90 612 115 636 a
133 599 245 638 stilo:
275 601 308 639 is
327 602 435 640 enim
458 610 514 641 est
541 602 692 642 dicendi
710 601 869 652 opifex:
901 609 1018 652 atque
1043 600 1225 653 equidem

90 653 336 706 aliquantum
351 657 436 707 jam
451 657 568 696 etiam
586 656 708 696 noctis
728 669 898 695 assumo.
928 656 1045 695 Vale.

291 821 404 869 (26.)
434 819 647 872 CICERO
677 821 718 860 s.
734 820 788 858 D.
816 818 1030 859 GALLo.

144 928 200 972 (A
206 934 537 979 rgumentmn.--
552 929 706 969 Herbas
725 929 765 967 in
786 927 966 980 augurali
991 926 1099 967 coena
1117 927 1224 966 laute

88 983 261 1022 conditas
280 983 353 1023 sibi
371 986 556 1023 morbum
575 985 749 1023 attulisse
764 990 925 1032 narrat.)
1143 985 1148 988 ’

143 1093 246 1132 Cum
265 1092 458 1132 decimum
475 1095 559 1143 jam
584 1094 686 1133 diem
706 1093 871 1145 graviter
890 1106 937 1131 ex
955 1091 1145 1130 intestinis
1164 1092 1222 1129 la-

87 1149 278 1196 borarem,
298 1160 426 1200 neque
451 1149 510 1197 iis,
536 1149 605 1201 qui
626 1149 714 1187 mea
734 1149 849 1199 opera
868 1148 927 1186 uti
945 1148 1138 1195 volebant,
1158 1159 1224 1184 me

86 1203 292 1253 probarem
319 1215 397 1241 non
424 1204 563 1253 valere,
599 1203 691 1255 quia
723 1202 862 1241 febrim
896 1215 974 1241 non
1011 1202 1220 1246 haberem;

85 1256 174 1308 fugi
196 1257 238 1294 in
257 1256 557 1305 Tusculanum3
588 1271 679 1297 cum
710 1257 870 1310 quidem
894 1257 1062 1296 biduum
1087 1256 1141 1293 ita
1165 1256 1224 1304 je-

81 1311 204 1361 junus
223 1311 397 1361 fuissem,
418 1319 462 1350 ut
482 1325 531 1351 ne
551 1326 693 1364 aquam
714 1312 872 1365 quidem
893 1319 1102 1363 gustarem.
1139 1311 1222 1348 Ita-

83 1379 161 1417 que
194 1366 386 1405 confectus
415 1367 603 1419 languore
628 1374 665 1405 et
695 1368 811 1415 fame,
839 1366 963 1417 magis
993 1373 1107 1403 tuum
1136 1364 1219 1403 offi-

85 1420 190 1459 cium
209 1421 434 1469 desideravi,
455 1436 575 1474 quam
602 1423 670 1460 abs
690 1430 727 1461 te
750 1421 895 1473 requiri
918 1420 1054 1473 putavi
1072 1432 1222 1458 meum.

76 1474 172 1526 ‘Ego
184 1483 315 1514 autem
329 1489 420 1515 cum
433 1490 566 1515 omnes
580 1478 734 1515 morbos
746 1476 965 1524 reformido,
978 1486 1061 1513 tum
1072 1473 1219 1526 [quod]

85 1529 305 1582 Epicurum
335 1537 449 1569 tuum
477 1532 596 1571 Stoici
621 1532 723 1570 male
750 1531 957 1583 accipiunt,
991 1529 1083 1581 quia
1105 1529 1220 1576 dicat,

85 1583 275 1635 ὃυσουρικα
306 1601 365 1622 και
401 1585 632 1637 δυσεντερικῡι
673 1586 765 1627 παθη
807 1585 881 1624 Sibi
914 1585 1075 1623 molesta
1109 1597 1189 1622 esse
1203 1598 1214 1620 ε

85 1652 252 1689 quorum
283 1640 464 1688 alterum,
498 1643 680 1679 morbum
712 1640 909 1679 edacitatis
942 1652 1021 1678 esse
1049 1646 1217 1690 putant3

83 1693 250 1732 alterum
273 1694 390 1733 etiam
412 1695 593 1747 turpioris
616 1694 935 1747 intemperantiae.
973 1695 1075 1733 Sane
1099 1692 1220 1730 δυσεν-

83 1763 204 1796 τεριαυ
222 1748 516 1799 pertimueram.
555 1751 632 1789 Sed
651 1751 732 1789 visa
757 1758 812 1788 est
833 1749 933 1788 mihi
951 1749 1013 1786 vel
1037 1746 1112 1786 loci
1130 1759 1221 1785 mu-

82 1801 191 1849 tatio,
224 1804 285 1841 vel
315 1803 438 1842 animi
463 1804 578 1843 etiam
619 1805 821 1851 relaxatio,
855 1804 917 1842 vel
946 1803 1031 1855 ipsa
1062 1802 1221 1841 fortasse

79 1857 165 1906 jam
184 1859 410 1897 senescentis
423 1859 551 1897 morbi
565 1860 751 1907 remissio,
771 1858 977 1911 profuisse.

137 1911 341 1961 Attamen,
365 1925 414 1952 ne
438 1913 590 1963 mirere,
618 1914 721 1952 unde
745 1914 819 1952 hoc
838 1912 1029 1958 acciderit,
1052 1923 1215 1963 quomo-

82 1964 180 2004 dove
211 1968 495 2014 commiserim3
524 1969 589 2006 lex
615 1967 841 2015 summaria,
875 1981 963 2020 quae
982 1966 1133 2005 videtur
1159 1972 1219 2001 λι-

84 2035 227 2063 τῡτητα
247 2022 432 2071 attulisse,
455 2036 501 2060 ea
517 2023 616 2060 mihi
633 2023 762 2061 fraudi
780 2023 865 2060 fuit.
897 2023 1020 2068 Nam,
1041 2020 1137 2058 dum
1152 2031 1220 2056 vo-

82 2073 173 2112 lunt
189 2074 254 2114 isti
271 2076 369 2114 lauti
395 2077 496 2116 ten-22
513 2086 617 2127 nata,
643 2092 731 2130 quae
759 2078 843 2128 lege
863 2083 1022 2128 excepta
1041 2081 1144 2118 sunt,
1175 2073 1218 2111 in

69 2127 268 2168 honorem
297 2131 514 2179 adducere;
543 2132 699 2184 fungos,
731 2132 930 2179 helvellas,
965 2131 1104 2168 herbas
1134 2141 1220 2166 om-

82 2194 164 2232 nes,
183 2183 238 2224 ita
257 2185 455 2236 condiunt,
472 2193 517 2226 ut
530 2186 629 2225 nihil
647 2186 768 2239 possit
786 2199 866 2225 esse
886 2185 1055 2225 suavius.
1086 2184 1137 2223 In
1156 2195 1219 2222 eas
