1501 2407
355 104 440 143 AD
468 105 766 146 DIVERSOS.
796 106 896 144 LIB.
918 105 978 144 ΙΙ.
1003 106 1063 144 13.
1228 107 1279 142 45

154 213 301 265 gritatis
332 212 488 251 laudem
526 221 786 252 consecutum.
828 214 921 252 Non
954 221 1034 252 erat
1069 214 1195 251 minor
1231 226 1280 251 ex

155 266 447 315 contemnenda,
469 280 588 318 quam
603 281 651 306 ex
666 268 901 316 conservata,
921 266 1129 319 provincia.
1160 269 1278 328 Spem

155 320 370 372 triumphi?
398 321 544 373 inquis.
592 322 693 360 Satis
725 322 888 373 gloriose
920 322 1214 373 triumpharem,
1247 321 1279 358 si

155 386 233 412 non
251 387 372 413 essem
391 375 549 426 quidem
568 353 753 413 tamdiub'
742 389 784 414 111
812 376 996 414 desiderio
1024 388 1154 414 rerum
1182 374 1281 412 mihi

155 428 449 467 carissimamm.
493 429 568 468 Sed
588 434 649 472 (ut
669 437 794 481 spero)
813 430 1037 481 propediem
1062 438 1100 468 te
1129 429 1280 467 videbo.

155 482 221 521 Tu
240 482 338 521 mihi
350 483 503 522 obviam
522 483 634 523 mitte
653 484 831 537 epistolas
846 492 883 522 te
901 484 1053 535 dignas.
1109 483 1227 522 Vale.

149 633 272 688 (13.)
319 634 382 675 Μ.
413 635 462 675 Τ.
494 634 543 676 C.
591 635 714 674 IMP.
760 637 824 675 M.
862 635 1068 683 COELIO,
1098 634 1286 675 AEDILI

527 689 769 737 CURULI,
797 692 837 730 S.
863 690 920 730 D.

208 801 535 852 (Argumentum.
548 824 602 831 —
615 801 679 841 De
703 802 904 841 literarum
922 800 1180 853 infrequentia
1198 812 1281 839 mo-

156 855 260 893 deste
279 864 451 910 questus,
472 857 681 895 amicitiam
699 857 825 917 Appii
838 857 958 895 Coelio
977 864 1145 903 excusat,
1166 863 1203 893 et
1221 868 1283 892 ra-

155 909 322 948 tionibus
346 903 528 949 defendit.
561 911 739 949 Curionis
767 911 1060 949 inconstantiam
1087 923 1127 948 se
1145 923 1247 960 praev
1250 908 1283 945 i-

154 963 267 1013 disse,
288 964 524 1026 provinciam
542 975 642 1003 recte
665 964 881 1014 confecisse,
903 973 940 1004 et
958 963 1078 1004 Urbis
1097 963 1283 1002 desiderio

155 1030 259 1056 nunc
276 1019 388 1057 unice
402 1019 535 1067 teneri,
549 1019 671 1067 dicit.)

211 1127 334 1164 Raras
360 1134 446 1165 tuas
465 1126 636 1179 quidem,
658 1128 833 1168 (fortasse
852 1127 956 1166 enim
981 1138 1059 1163 non
1084 1125 1282 1178 perferun-

158 1187 237 1228 tur)
259 1180 325 1218 sed
344 1193 494 1229 suaveS,
515 1181 659 1232 accipio
689 1182 829 1220 literas.
870 1181 949 1219 Vel
982 1193 1077 1231 quas
1107 1180 1283 1231 proxime

157 1247 390 1286 acceperam,
411 1248 530 1286 quam
557 1236 784 1287 prudentis!
816 1247 933 1287 quam
966 1234 1082 1271 multi
1112 1241 1150 1272 et
1170 1233 1286 1272 officii

158 1296 197 1327 et
215 1288 362 1327 consilii
379 1289 390 1326 2
420 1289 507 1328 Etsi
519 1290 648 1328 omnia
660 1290 712 1328 sic
724 1290 994 1328 constitueram
1008 1287 1105 1327 mihi
1119 1287 1282 1339 agenda,

158 1350 203 1381 ut
221 1350 264 1380 tu
283 1342 541 1389 admonebas,
530 1357 541 1367 ·
572 1351 702 1382 tamen
731 1343 1009 1382 confirmantur
1033 1350 1162 1380 nostra
1194 1354 1284 1380 con-

158 1396 256 1445 silia,
278 1410 366 1435 cum
382 1398 582 1442 sentimus,
598 1398 852 1450 prudentibus
872 1397 1110 1447 fideliterque
1121 1396 1285 1434 suaden-

159 1450 262 1489 tibus
275 1451 381 1489 idem
399 1451 531 1490 videri.
561 1452 648 1503 Ego
674 1452 855 1504 Appium
875 1455 936 1495 (ut
955 1464 1054 1502 saepe
1080 1458 1208 1488 tecum
1226 1451 1278 1488 lo—

159 1512 270 1544 cutus
289 1514 393 1552 sum)
423 1506 533 1545 valde
561 1506 705 1558 diligo.
735 1519 876 1558 meque
896 1507 944 1543 ab
964 1518 1007 1544 eo
1026 1504 1135 1566 diligi
1154 1504 1285 1542 statim

159 1567 327 1610 coeptum
346 1573 439 1608 esse,
455 1567 499 1597 ut
511 1560 745 1599 simultatem
760 1559 1022 1612 deposuimus,
1036 1559 1147 1597 sensi.
1178 1559 1286 1597 Nam

161 1621 198 1651 et
217 1613 476 1652 honorificus
466 1626 506 1651 m
524 1628 588 1653 me
607 1616 740 1654 consul
758 1615 848 1662 fuit,
868 1622 905 1652 et
923 1613 1048 1652 suam's
1067 1613 1226 1661 amicus,
1248 1621 1286 1650 et

158 1667 350 1706 studiosus
370 1667 587 1706 studiomm
606 1669 722 1708 etiam
749 1681 938 1707 meorum.
975 1667 1072 1706 Mea
1097 1680 1184 1705 vero
1202 1666 1287 1704 offi-

158 1721 217 1760 013
236 1721 271 1760 01
289 1734 366 1760 11011
397 1721 577 1783 defuisse,
610 1731 655 1761 tu
681 1737 720 1761 es
750 1724 880 1761 testis:
911 1722 1095 1773 quoniam
1124 1736 1178 1758 uu
1179 1736 1286 1769 ,ςωκο

159 1791 301 1824 μαρτυς
328 1779 390 1819 (ut
417 1775 568 1827 opinor)
601 1777 741 1817 occidit
770 1776 946 1815 Ρ1131113.
977 1783 1014 1814 01
1034 1774 1285 1821 (mehercule)

159 1828 276 1867 etiam
294 1829 415 1881 pluris
435 1843 524 1868 eum
549 1831 635 1878 feci,
671 1831 775 1883 quod
805 1839 842 1869 te
871 1830 993 1868 amari
1021 1831 1069 1867 ab
1102 1842 1145 1867 eo
1171 1828 1282 1866 sensi.

159 1882 255 1921 Jam
284 1896 348 1921 me
381 1885 560 1936 Pompeii
588 1893 713 1924 totum
747 1899 827 1924 esse
854 1885 936 1923 5015
976 1884 1147 1922 Brutum
1179 1896 1202 1920 a
1220 1895 1284 1920 me

160 1936 281 1974 amari
301 1938 496 1989 intelligis.
536 1939 645 1987 Quid
678 1947 734 1978 est
767 1953 903 1987 causae,
935 1951 1002 1976 cur
1030 1937 1129 1975 mihi
1146 1949 1223 1975 non
1243 1936 1284 1974 in

158 1990 297 2042 optatis
356 1991 419 2039 sit,
456 1994 658 2046 complecti
688 1993 886 2032 hominem
923 1993 1120 2030 florentem
1159 1998 1284 2037 aetate,

159 2044 310 2095 opibus,
329 2045 552 2093 honoribus,
580 2048 748 2100 ingenio,
777 2047 919 2096 liberis,
940 2045 1180 2098 propinquis,
1201 2044 1286 2082 affi-

162 2098 291 2145 nibus,
328 2099 487 2147 amicis;
517 2103 703 2154 collegam
739 2115 872 2140 meum
899 2100 1124 2152 praesem'm,
1156 2107 1208 2147 et,
1242 2099 1283 2136 in

161 2151 246 2204 ipsa
264 2153 413 2206 collegii
424 2129 540 2195 1311ᾶο
557 2164 595 2195 01
612 2156 784 2204 scientia,
804 2155 1019 2194 studiosum
1037 2154 1147 2192 mei?

212 2207 311 2246 Haec
328 2220 373 2247 eo
390 2209 568 2260 pluribus
587 2210 734 2262 scripsi,
759 2210 865 2262 quod
891 2208 989 2247 mihi
1015 2207 1281 2260 significabant
