1481 2422
210 85 294 126 316
413 87 499 128 AD
528 87 832 132 DIVERSOS.
862 90 960 131 Lm.
984 90 1040 131 X.
1069 93 1138 132 30.

479 196 595 249 (29.)
625 198 840 240 CICERO
867 200 1078 242 AMPIO.

263 305 592 357 (Argumentum.
609 331 662 338 -
678 309 742 348 De
767 310 894 349 studio
923 324 994 350 suo
1023 324 1114 362 erga
1141 309 1338 362 Ampium

207 361 449 466 exgulzntem
483 362 636 410 scribit;
679 377 846 417 eumque
877 366 1020 404 bonam
1054 378 1163 418 spem
1198 366 1341 404 habere

203 427 251 463 Ju
280 422 327 453 et.
376 463 379 465 ,

259 523 324 562 De
341 537 428 565 meo
446 527 572 565 studio
591 540 680 578 erga
699 528 863 566 salutem
881 534 918 566 et
939 527 1245 567 incolumitatem
1272 535 1338 567 tu-

205 590 286 626 am,
306 580 416 618 credo
427 588 466 619 te
484 583 663 633 cognosse
683 594 731 620 ex
745 582 863 620 literis
881 590 1040 620 tuorum
1056 596 1069 629 ς
1099 583 1241 634 quibus
1270 595 1337 622 me

202 634 505 673 cumulatissime
531 635 754 674 satisfecisse
783 644 884 674 certo
917 637 1017 675 scio:
1050 649 1121 675 nec
1152 637 1213 675 his
1243 649 1338 675 con-

202 686 308 735 cedo,
329 702 568 741 quamquam
588 696 677 727 sunt
706 690 891 741 singulari
918 690 959 729 in
985 698 1023 729 te
1050 691 1332 740 benevolentia,

203 747 250 778 ut
267 748 304 779 te
324 743 474 781 salvum
492 743 645 791 malint,
665 757 785 795 quam
800 758 882 796 ego.
912 744 980 784 mi
997 745 1097 783 mihi
1115 758 1265 784 necesse
1277 752 1336 784 est

206 796 428 845 concedant,
448 805 494 836 ut
513 798 582 836 tibi
597 798 699 849 plus,
719 812 838 850 quam
857 799 944 851 ipsi,
964 800 1037 838 hoc
1055 808 1229 851 tempore
1245 812 1337 851 pro-

208 848 315 887 desse
345 851 512 902 possim:
545 853 649 903 quod
678 853 836 904 quidem
862 866 934 892 nec
951 854 1078 892 destiti
1100 853 1238 902 facere,
1265 866 1338 892 nee

207 902 387 943 desistam
404 920 414 944 ε
445 914 483 944 et
498 907 581 956 jam
599 906 641 944 in
666 907 840 946 maxima
858 920 899 946 re
916 907 1003 957 feci,
1024 915 1061 946 et
1085 907 1340 946 fundamenta

206 956 283 1006 jeci
307 960 441 998 salutis
461 967 550 998 tuae.
580 960 647 998 Tu
666 960 727 999 fac
752 963 853 1000 bono
878 962 1008 1000 animo
1033 974 1253 1014 magnoque
1271 961 1336 1010 siS,

205 1023 346 1063 meque
365 1014 435 1052 tibi
454 1014 564 1053 nulla
582 1028 623 1053 re
648 1014 875 1054 defuturum
896 1029 977 1065 esse
994 1015 1177 1055 confidas.
1205 1015 1341 1056 Pridie

207 1065 345 1107 Nonas
365 1068 572 1117 Quintiles.
602 1069 715 1109 Vale.

364 1228 485 1281 (30.)
514 1230 719 1271 GALBA
748 1232 1032 1273 CICERONI
1059 1233 1185 1274 SAL.

261 1335 588 1386 (Argumentum.
601 1363 656 1370 —
671 1337 798 1377 Galba
816 1337 996 1390 proelium
1009 1336 1167 1389 exponit
1180 1335 1230 1374 ad
1240 1333 1342 1374 Mu-

209 1387 332 1428 tinam
351 1390 513 1439 factum‚
534 1391 808 1444 victoriamque
822 1392 870 1431 de
888 1392 1063 1431 Antonio
1077 1387 1272 1440 relatam.)

257 1497 390 1538 XVII
404 1499 592 1539 calendas
607 1499 722 1549 Maii,
737 1513 815 1553 quo
827 1500 888 1539 die
901 1500 1030 1539 Pansa
1043 1499 1084 1538 in
1096 1498 1228 1538 castris
1240 1497 1340 1537 Hir·

203 1551 249 1590 tii
273 1560 354 1591 erat
371 1553 541 1603 futurus,
562 1568 652 1593 cum
672 1568 749 1607 quo
768 1568 838 1607 ego
857 1568 977 1604 eram,
999 1557 1108 1599 (nam
1129 1554 1163 1592 ei
1181 1552 1338 1592 obviam

202 1619 458 1658 processeram
484 1609 608 1647 millia
634 1622 819 1660 passuum
847 1617 1018 1657 centum,
1048 1621 1127 1661 quo
1145 1607 1339 1646 maturius

206 1661 368 1709 veniret)
387 1663 586 1702 Antonius
603 1663 774 1715 legiones
793 1663 926 1702 eduxit
944 1662 1054 1712 duas,
1075 1661 1282 1701 secundam
1300 1668 1340 1699 et

201 1715 645 1767 quintam-tricesimam,
655 1727 692 1755 et
706 1717 878 1756 cohortes
889 1716 1207 1770 praetoriasduas‚
1216 1727 1339 1754 unam

206 1781 333 1818 suam,
354 1771 513 1809 alteram
527 1771 662 1819 Silani,
684 1779 722 1810 et
736 1779 978 1811 evocatorum
998 1779 1161 1823 partem.
1191 1770 1256 1808 Ita
1268 1771 1338 1808 ob-

205 1823 310 1862 viam
323 1825 429 1863 venit
442 1826 566 1874 nobis,
583 1825 687 1878 quod
705 1839 774 1865 nos
798 1834 963 1878 quatuor
982 1826 1151 1877 legiones
1165 1824 1338 1862 tironum

201 1876 344 1917 habere
375 1880 502 1918 solum
532 1881 799 1919 arbitrabatur.
829 1880 906 1920 Sed
937 1888 1068 1928 noctu,
1103 1891 1182 1931 quo
1212 1878 1337 1917 tutius

203 1932 332 1971 venire
350 1932 391 1971 in
406 1940 527 1972 castra
541 1947 754 1986 possemus,
765 1934 958 1986 legionem
973 1934 1178 1982 Martiam,
1190 1932 1253 1972 cui
1265 1945 1338 1984 ego

201 1999 362 2037 praeesse
381 1988 565 2037 solebam,
587 1996 624 2027 et
646 1988 742 2027 duas
760 1989 931 2027 cohortes
949 1987 1160 2040 praetorias,
1180 1987 1337 2026 miserat

205 2040 362 2079 Hirtius
381 2042 503 2081 nobis.

257 2094 362 2134 Cum
381 2096 528 2149 equites
545 2097 713 2136 Antonii
742 2097 1023 2152 apparuissent,
1055 2095 1241 2136 contineri
1269 2107 1339 2134 ne-

202 2162 281 2201 que
309 2149 410 2202 legio
443 2151 592 2190 Martia
620 2163 747 2204 neque
778 2152 950 2192 cohortes
979 2151 1168 2204 praetoriae
1198 2156 1336 2203 potue-

201 2210 320 2243 runt:
350 2217 448 2257 quas
466 2206 575 2258 sequi
593 2206 779 2260 coepimus
807 2206 940 2257 eoacti,
971 2205 1129 2259 quando
1154 2217 1217 2246 w
1243 2203 1335 2244 reti-
