1501 2407
321 124 404 164 AD
434 123 733 164 DIVERSOS.
766 122 866 162 Lm.
890 121 966 161 IV.
1001 123 1062 161 14.
1181 124 1256 163 109

122 233 338 272 (11οεί3311116
355 233 486 272 omnia
504 232 869 285 diligentissimeque
883 233 1050 277 curabo;
1080 239 1256 270 tuorum-

125 298 204 340 que
221 288 438 327 tristissimo
456 301 544 326 meo
559 296 728 338 tempore
741 287 965 325 meritorum
984 299 1074 336 erga
1091 299 1156 325 me
1173 300 1256 325 me-

127 342 292 382 moriam
311 344 553 381 conservabo.
582 342 696 380 Vale.

249 508 266 550 (
285 506 366 553 14.)
396 505 457 543 Μ.
474 505 523 543 Τ.
540 504 587 543 C.
617 505 657 544 S.
672 504 725 542 D.
751 503 842 543 CN.
871 503 1144 543 PLANCIO.

179 613 506 664 (Argumentum.
527 635 582 641 ——
600 612 784 651 Plancius
815 612 875 651 bis
914 612 1102 659 Ciceroni,
1137 620 1174 651 et
1206 612 1254 651 de

120 668 347 720 recuperata
360 681 429 719 per
447 669 640 707 Caesarem
656 668 855 718 dignitate,
881 674 918 705 et
932 666 979 704 de
998 667 1143 718 nuptiis
1163 680 1253 705 cum

124 723 272 774 virgine
309 723 487 766 (dimissa
523 722 723 768 Terentia)
758 721 876 767 initis,
917 722 1131 771 gratulatus
1168 721 1252 760 fue-

122 784 194 816 rat.
225 777 409 829 Utrisque
435 777 553 817 literis
576 789 657 814 una
679 776 840 828 epistola
862 775 1064 826 respondet
1091 775 1249 814 Cicero:

122 831 328 883 prioribus,
348 844 427 869 non
447 844 503 870 ess
507 845 526 869 e
540 830 741 882 p'istinam
753 829 995 881 dignitatem,
1013 843 1132 880 quam
1151 844 1252 870 rece-

121 892 255 936 perat3
285 885 427 931 alteris,
448 899 535 937 quae
554 898 669 924 causa
686 885 801 923 fuerit
817 884 906 922 novi
919 884 1066 922 consilii
1077 885 1249 923 ineundi.

123 939 302 979 Tandem
324 940 466 978 solatur
487 939 691 978 Plancium
711 939 901 976 exsulant
900 952 980 975 :m-
969 967 981 983 ,
1012 938 1124 990 'eique
1136 939 1248 987 nihil,

118 1002 258 1045 praeter
277 1006 522 1032 communem
543 993 815 1039 calamitatem,
836 993 1053 1031 timendum
1072 1006 1151 1032 esse
1162 1006 1251 1033 con-

121 1049 276 1093 firmat3
308 1048 369 1086 cui
388 1061 458 1086 sua
477 1047 641 1100 denique
656 1047 779 1086 officia
792 1047 1024 1099 pollicetur.)

175 1157 297 1197 Binas
315 1170 338 1195 a
357 1164 394 1196 te
414 1156 540 1208 accepi
558 1156 701 1203 literas,
723 1156 900 1208 Corcyrae
918 1156 1025 1195 datas
1042 1171 1052 1194 ε
1083 1170 1251 1209 quarum

118 1212 248 1250 alteris
279 1211 378 1250 mihi
403 1212 659 1262 gratulabare,
691 1210 796 1262 quod
818 1211 1004 1258 audisses,
1032 1224 1095 1250 me
1122 1225 1252 1250 meam

119 1266 322 1318 pristinam
337 1265 566 1316 dignitatem
578 1265 748 1303 obtinere
761 1279 773 1310 ς
789 1266 914 1303 alteris
927 1265 1076 1304 dicebas
1090 1273 1126 1304 te
1138 1267 1249 1315 velle,

119 1334 211 1372 quae
233 1320 408 1371 egissem,
430 1322 527 1358 bene
557 1326 594 1357 et
611 1319 771 1358 feliciter
794 1319 954 1357 evenire.
996 1319 1085 1370 Ego
1105 1328 1250 1369 autem,

116 1376 153 1414 si
170 1375 337 1426 dignitas
355 1382 411 1413 est
430 1376 527 1412 bene
538 1373 586 1411 de
605 1387 646 1412 re
664 1374 821 1425 publica
840 1374 992 1421 sentire,
1015 1382 1051 1412 et
1070 1374 1179 1413 bonis
1195 1375 1252 1413 vi-

120 1429 172 1467 ris
191 1431 352 1480 probare
371 1428 476 1480 quod
495 1428 633 1466 sentias
651 1442 663 1474 3
694 1428 846 1466 obtineo
865 1428 1092 1479 dignitatern
1107 1442 1250 1467 meam.

112 1484 192 1522 Sin
217 1490 348 1522 autem
366 1483 407 1520 in
427 1496 471 1521 eo
490 1482 655 1533 dignitas
668 1490 737 1529 est,
759 1482 805 1530 si,
826 1483 931 1534 quod.
950 1483 1064 1521 sentis
1097 1514 1102 1525 ,
1124 1492 1192 1522 aut
1211 1497 1252 1522 re

119 1538 265 1576 efficere
279 1538 413 1589 possiS,
434 1543 502 1575 aut
521 1537 686 1588 denique
704 1535 823 1575 libera
842 1537 1010 1575 oratione
1025 1537 1248 1585 defendere3

109 1605 167 1631 ne
185 1592 390 1644 vestigium
402 1591 561 1643 quidem
577 1591 704 1629 unum
723 1599 778 1629 est
792 1591 987 1643 reliquum
1002 1591 1112 1631 nobis
1124 1592 1252 1644 digni-

119 1647 234 1692 tatis;
276 1647 480 1698 agiturque
509 1646 703 1697 praeclare,
743 1646 775 1684 si
811 1653 962 1684 nosmet
990 1645 1091 1697 ipsos
1119 1660 1251 1698 regere

117 1714 338 1752 possumus,
369 1708 414 1739 ut
439 1713 498 1748 ea,
527 1713 616 1751 quae
641 1700 783 1751 partim
812 1701 896 1750 jam
922 1700 1077 1747 adsunt,
1107 1701 1250 1752 partim

121 1755 361 1807 impendent,
384 1754 579 1793 moderate
601 1754 797 1800 feramu53
829 1755 934 1806 quod
956 1763 1012 1793 est
1037 1755 1190 1794 difficile
1209 1756 1250 1794 in

120 1809 312 1860 ejusmodi
336 1810 451 1856 bello,
480 1810 590 1858 cujus
619 1808 744 1847 exitus
771 1823 819 1848 ex
842 1809 961 1847 altera
979 1817 1087 1861 parte
1106 1810 1250 1849 caedem

120 1871 298 1912 ostentat,
320 1877 368 1902 ex
387 1863 507 1902 altera
525 1863 759 1902 servitutem.

174 1918 266 1966 Quo
278 1918 318 1956 in
333 1918 503 1969 periculo
515 1917 692 1955 nonnihil
702 1931 766 1956 me
778 1919 1007 1967 consolatur,
1023 1931 1112 1957 cum
1128 1932 1249 1958 recor-

116 1972 201 2020 dor,
218 1972 300 2011 haec
310 1985 374 2010 me
393 1980 478 2010 tum
491 1972 644 2021 vidisse,
657 1985 747 2010 cum
764 1973 946 2011 secundas
959 1973 1075 2011 etiam
1089 1987 1148 2012 res
1162 1986 1250 2012 noe-

117 2034 210 2075 tras,
217 2039 295 2064 non
301 2026 418 2065 modo
429 2026 941 2078 adversas,pertimescebam
955 2041 967 2072 ς
979 2027 1248 2080 videbamque,

120 2088 267 2133 quanto
285 2081 454 2142 periculo
472 2080 553 2118 de
538 2093 627 2130 Jure
652 2081 808 2133 publico
827 2082 1100 2133 disceptaretur
1118 2082 1248 2121 armis.

118 2135 274 2184 Quibus
304 2134 337 2173 si
355 2134 531 2173 vicissent
552 2134 594 2182 ii,
629 2135 679 2174 ad
704 2149 801 2187 quos
825 2149 910 2187 ego,
930 2136 1034 2188 pacis
1061 2149 1142 2188 spe,
1171 2149 1250 2174 non

117 2189 213 2229 belli
230 2188 439 2242 cupid-itate
456 2188 658 2238 adductus,
675 2203 929 2235 accesseram;
960 2198 1089 2228 tamen
1108 2190 1250 2229 intelli-

116 2245 275 2296 gebam,
291 2250 329 2282 et
341 2243 527 2282 iratorum
544 2243 765 2293 hominum,
782 2252 819 2284 et
834 2244 1076 2296 cupidorum
1099 2253 1134 2283 et
1149 2245 1250 2285 insu„

176 2299 344 2351 (Epist.)
372 2308 477 2337 von.
502 2308 531 2337 1.
949 2310 975 2338 L
