1501 2407
243 75 321 114 204
427 75 510 115 AD
540 76 838 118 DIVERSOS.
867 77 969 116 Lm.
992 77 1091 118 VII.
1120 79 1189 117 23.

239 197 278 222 se
296 183 503 234 facturum,
524 199 615 225 cum
632 186 809 234 venisset,
823 187 903 239 qua
922 199 992 238 ego
1006 187 1146 226 vellem
1163 186 1238 226 die.
1271 187 1364 235 Fae,

239 251 381 289 quaeso,
402 240 471 291 qui
490 253 560 292 ego
584 253 686 289 sum,
707 254 786 279 esse
809 248 859 280 te.
902 241 1026 280 Estne
1051 248 1119 279 aut
1136 241 1195 279 tui
1212 242 1371 293 pudoris

242 304 310 330 aut
328 294 461 343 nostri,
485 295 657 346 primum
684 308 817 346 rogare
840 295 887 333 de
915 295 1002 340 die;
1032 294 1171 334 deinde
1192 296 1280 347 plus
1299 309 1369 335 an-

242 347 323 385 nua
341 349 535 399 postulare
552 352 569 388 Ρ
599 349 676 389 Sed
695 357 832 398 essent,
853 349 909 387 mi
930 349 1057 396 Galle,
1078 350 1208 388 omnia
1226 350 1367 396 facilia,

243 401 275 439 si
295 409 332 439 et
350 414 394 440 ea
411 411 600 442 mercatus
620 417 733 451 esses,
761 417 848 455 quae
867 417 937 455 ego
956 403 1234 451 desiderabam,
1262 411 1300 443 et
1319 404 1368 443 ad

243 468 328 493 eam
348 469 556 504 summam,
577 471 696 510 quam
715 458 923 496 volueram.
957 461 1147 496 Attamen
1171 457 1245 496 ista
1267 458 1366 509 ipsa,

244 523 332 561 quae
362 517 399 548 te
425 512 560 550 emisse
588 513 733 560 scribis,
753 524 831 550 non
855 512 980 550 solum
1008 523 1090 550 rata
1115 511 1214 551 mihi
1242 520 1368 560 erunt,

244 564 309 602 sed.
329 564 444 603 etiam
463 573 581 615 grata.
613 567 734 604 Plane
755 567 857 604 enim
875 566 1063 618 intelligo,
1084 573 1136 615 te,
1156 579 1234 604 non
1254 566 1371 605 modo

244 618 383 667 studio,
419 620 483 658 sed
513 620 629 658 etiam
651 633 779 658 amore
807 633 936 667 usum,
969 634 1056 672 quae
1085 628 1122 659 te
1149 620 1372 659 delectarint

247 672 476 724 (hominem,
503 682 547 712 ut
571 687 640 726 ego
667 687 816 725 semper
835 674 1018 723 judicavi,
1042 674 1085 713 in
1104 675 1212 713 omni
1226 674 1372 736 judicio

243 727 604 791 elegantissimum),
640 727 844 780 [quaeque]
877 741 940 767 me
965 728 1082 779 digna
1109 729 1271 781 putaris,
1310 742 1372 768 co-

244 781 392 820 emisse.
433 783 508 821 Sed
538 782 653 820 velim
672 790 826 821 maneat
846 782 1108 834 Damasippus
1149 782 1191 820 in
1223 790 1374 822 senten

245 835 322 873 tia:
354 849 507 888 prorsus
533 837 636 875 enim
656 850 704 876 ex
728 836 809 876 istis
831 836 1063 876 emtionibus
1089 837 1240 875 nullam
1270 837 1372 877 desi-

247 889 351 927 dero.

280 943 368 983 Tu
387 951 531 995 autem,
552 946 707 998 ignarus
726 946 892 985 instituti
909 946 1000 995 mei,
1021 945 1155 998 quanti
1170 959 1240 997 ego
1251 960 1373 998 genus

245 999 403 1038 ommno
434 1001 632 1062 signorum
661 1000 839 1039 omnium
867 1013 946 1039 non
980 1000 1140 1046 aesdmo,
1172 1001 1270 1040 tanti
1297 1002 1373 1041 ista

246 1060 412 1103 quatuor
441 1062 508 1093 aut
537 1056 709 1107 quinque
739 1055 921 1093 sumsisti.
964 1055 1136 1093 Bacchas
1161 1054 1253 1094 istas
1281 1069 1373 1096 cum

247 1106 377 1147 Musis
408 1109 561 1148 Metelli
586 1122 794 1161 comparas.
835 1109 946 1157 Quid
975 1109 1134 1148 simile?
1173 1109 1369 1157 Primum,

246 1164 348 1212 ipsas
367 1176 437 1215 ego
456 1164 594 1202 Musas
613 1177 815 1215 nunquam
835 1163 931 1202 tanti
949 1163 1169 1215 putassem·
1200 1170 1316 1216 atque
1332 1164 1375 1204 id

246 1218 435 1266 fecissem,
453 1218 581 1256 Musis
600 1219 780 1257 omnibus
801 1217 1127 1270 approbantibus:
1158 1217 1224 1256 sed
1242 1226 1374 1259 tamen

248 1279 328 1312 erat
352 1281 488 1323 aptum
517 1272 770 1319 bibliothecae,
805 1272 1019 1324 studiisque
1043 1272 1181 1311 nostris
1210 1285 1374 1324 congru.

248 1341 341 1372 ens3
371 1327 534 1365 Bacchis
553 1339 640 1365 vero
660 1327 728 1365 ubi
748 1334 803 1365 est
822 1325 926 1378 apud
943 1339 1007 1365 me
1030 1326 1137 1364 locus
1151 1328 1169 1365 ,⁹
1198 1326 1259 1364 At
1285 1328 1378 1379 pul-

249 1381 382 1421 chenae
401 1388 501 1420 sunt.
534 1381 638 1419 Novi
656 1381 814 1433 optime,
836 1389 874 1419 et
892 1394 992 1433 saepe
1011 1379 1111 1420 vidi:
1145 1381 1377 1421 nominatim

249 1437 321 1475 tibi
344 1436 452 1487 signa
473 1435 572 1474 mihi
595 1443 686 1473 nota
706 1435 964 1483 mandirssem,
985 1434 1018 1473 si
1044 1434 1279 1486 probassem.
1312 1436 1377 1475 Ea

249 1491 354 1529 enim
374 1490 483 1540 signa
510 1503 580 1541 ego
600 1502 723 1528 emere
749 1490 864 1536 soleo,
885 1502 988 1541 quae,
1009 1488 1059 1527 ad
1084 1488 1378 1530 similitudinem

249 1544 554 1596 gymnasiorum,
565 1551 749 1583 exornent
760 1544 857 1582 mihi
870 1543 911 1581 in
922 1542 1100 1595 palaestra
1109 1543 1251 1582 locum.
1266 1544 1378 1583 Mar-

249 1599 299 1637 tis
318 1611 406 1637 vero
436 1598 591 1649 signum
621 1612 699 1650 quo
727 1598 840 1645 mihi,
867 1598 970 1650 pacis
1003 1597 1179 1636 auctori?
1215 1597 1377 1638 Gaudeo

251 1653 406 1691 nullum
425 1653 581 1692 Saturni
600 1652 754 1704 signum
775 1652 893 1691 fuisse
906 1667 917 1689 ι
947 1651 1030 1690 haec
1048 1651 1152 1690 enim
1170 1651 1248 1690 duo
1266 1652 1376 1704 signa

250 1716 428 1758 putarem
456 1707 553 1744 mihi
577 1720 626 1745 aes
652 1707 822 1744 alienum
846 1706 1029 1744 attulisse.
1067 1705 1254 1744 Mercurii
1275 1707 1376 1745 mal-

251 1762 330 1800 lem
360 1761 529 1812 aliquod.
551 1760 712 1799 fuisset:
752 1760 900 1799 felicius
939 1761 1069 1812 (puto)
1099 1773 1189 1799 cum
1218 1761 1374 1801 Aviano

250 1815 457 1866 transigere
486 1828 695 1866 possemus.
732 1815 851 1863 Quod
875 1814 946 1853 tibi
970 1813 1179 1853 destinaras
1200 1821 1373 1867 trapezo-

251 1869 414 1921 phoron,
442 1869 473 1908 si
495 1878 532 1908 te
554 1869 729 1917 delectat,
759 1869 943 1908 habebisz
979 1868 1037 1907 sin
1066 1876 1196 1906 autem
1219 1877 1373 1908 senten-

251 1925 346 1962 tiam
366 1924 538 1972 mutasti,
559 1937 629 1975 ego
642 1924 792 1962 habebo
811 1923 964 1962 scilicet.
994 1922 1077 1960 Ista
1089 1922 1246 1974 quidem
1265 1936 1372 1962 sum-

250 1979 317 2016 ma
336 1991 384 2017 ne
399 1991 469 2029 ego
487 1978 612 2016 multo
626 1977 806 2016 libentius
826 1977 984 2016 emerim
1003 1976 1253 2016 diversorium
1272 1977 1371 2016 'Per-

249 2033 401 2080 racinae,
422 2045 470 2070 ne
485 2046 635 2084 semper
654 2032 796 2083 hospiti
814 2032 996 2070 molestus
1010 2030 1095 2068 sim.
1125 2030 1299 2069 Omnino
1323 2032 1372 2069 li-

248 2087 345 2127 berti
364 2087 441 2125 mei
454 2087 562 2125 video
581 2100 659 2125 esse
678 2087 847 2138 culpam,
861 2085 922 2125 cui
933 2086 1048 2137 plane
1058 2098 1117 2123 res
1131 2092 1249 2123 certas
1259 2098 1371 2124 man·

248 2143 408 2187 daram3
438 2141 608 2193 itemque
626 2141 655 2180 J
657 2153 754 2189 unu,
774 2153 892 2194 quem
910 2148 1005 2193 puto
1024 2139 1095 2179 tibi
1119 2146 1256 2178 notum
1275 2153 1368 2189 esse,

245 2196 392 2235 Aviani
410 2196 458 2234 fa
453 2195 651 2234 niliarem.
