1501 2407
358 76 442 114 AD
462 75 758 117 DIVERSOS.
789 78 891 116 Lm.
914 76 995 116 111.
1016 80 1054 116 4.
1225 79 1275 116 59

147 185 259 234 mihi,
288 184 338 224 ad
369 198 486 237 quem
517 186 772 237 pertinebant,
802 186 868 225 sed
897 188 1076 226 universo
1108 187 1271 231 senatui,

146 246 328 279 venerant
352 239 392 277 in
411 247 596 289 mentem,
620 240 796 292 praesidio
823 242 983 280 firmion‘
1008 255 1104 293 opus
1124 254 1203 279 esse
1222 241 1270 279 ad

143 293 256 332 istam
274 294 522 345 provinciam.
553 294 770 333 Censebant
788 296 891 333 enim
903 309 1035 334 omnes
1054 296 1145 343 fere,
1167 303 1211 333 ut
1230 295 1270 333 in

144 347 260 386 Italia
279 349 592 399 supplementum
612 349 707 388 meis
735 357 772 387 et
789 350 926 388 Bibuli
944 349 1159 402 legionibus
1180 350 1269 388 scri-

141 403 306 441 beretur.
337 402 387 440 Id
406 415 495 440 cum
521 403 730 454 Sulpicius,
751 405 898 451 consul,
919 417 1123 456 passurum
1144 417 1183 442 se
1202 416 1268 442 ne-

140 464 262 508 garet,
281 457 407 494 multa
425 469 494 495 nos
517 457 675 509 quidem
701 459 827 510 questi
855 471 1013 497 sumus:
1045 458 1111 497 sed
1139 466 1268 497 tantus

140 523 343 550 consensus
369 513 520 549 senatus
550 511 638 560 fuit,
670 519 715 550 ut
743 520 894 551 mature
925 512 1264 564 proficisceremur,

138 565 351 617 parendum
372 571 416 603 ut
434 565 550 603 fuerit
566 580 575 604 :
607 566 755 618 ita-que
767 566 942 605 fecimus.

192 619 326 667 Nunc,
351 619 455 671 quod
475 634 497 658 a
515 627 552 658 te
569 620 664 671 petii
688 621 806 659 literis
833 621 892 670 iis,
923 634 1019 673 quas
1048 622 1187 660 Romae
1206 629 1264 659 ta-

136 673 303 712 bellariis
322 674 398 711 tuis
417 673 519 722 dedi,
546 675 662 712 velim
685 675 757 713 tibi
782 688 883 714 curae
911 676 972 723 sit,
993 682 1052 723 ut,
1073 689 1160 727 quae
1179 689 1265 714 suc-

136 727 271 766 cessori
292 728 602 778 conjunctissimo
622 736 659 767 et
678 729 908 768 amicissimo
927 730 1171 769 commodare
1195 744 1265 782 po-

135 789 208 821 test
225 782 258 820 is
270 782 338 834 qui
357 782 593 833 provinciam
608 783 737 831 tradit,
758 797 815 831 ea,
836 797 906 836 pro
925 785 1054 822 nostra
1073 785 1263 823 consocia-

135 836 285 875 tissima
304 837 513 884 voluntate,
530 837 621 876 cura
635 850 679 876 ac
693 838 891 890 diligentia
906 839 974 876 tua
987 839 1259 890 complectare:

137 898 182 929 ut
201 904 332 930 omnes
351 890 582 942 intelligant,
602 904 671 930 nec
689 905 753 931 me
764 893 1061 931 benevolentiori
1080 894 1263 945 cuiquam

133 945 347 994 succedere,
371 957 440 984 nec
459 954 497 985 te
524 945 694 985 amiciori
722 947 891 999 potuisse
919 947 1155 1000 provinciam
1188 956 1263 986 tra-

131 999 234 1038 dere.

188 1053 284 1092 Ex
273 1053 319 1092 lis
337 1054 470 1104 literis,
491 1068 658 1106 quarum
686 1055 735 1094 ad
763 1069 826 1094 me
854 1056 1078 1108 exemplum
1106 1056 1260 1105 misisti,

133 1122 230 1161 quas
247 1108 287 1146 in
307 1116 441 1147 senatu
461 1109 609 1147 recitari
624 1110 793 1159 voluisti,
815 1110 867 1149 sic
881 1110 1159 1158 intellexeram,
1176 1125 1261 1163 per-

131 1163 276 1201 multos
295 1176 318 1200 a
336 1168 373 1201 te
391 1163 533 1202 milites
563 1176 644 1203 esse
677 1164 875 1203 dimissos:
907 1165 973 1203 sed
1000 1164 1097 1203 mihi
1116 1165 1262 1205 Fabius

131 1217 237 1255 idem
255 1217 542 1265 demonstravit,
563 1218 603 1256 id
627 1226 664 1257 te
682 1218 865 1270 cogitasse
882 1218 1030 1265 facere3
1061 1219 1140 1267 sed,
1170 1233 1259 1259 cum

129 1271 213 1324 ipse
240 1285 264 1310 a
295 1278 334 1309 te
370 1271 591 1322 discederet,
615 1273 810 1324 integrum
846 1273 1018 1311 militum
1051 1285 1260 1313 numerum

130 1326 259 1365 fuisse.
301 1325 350 1364 Id
368 1326 399 1364 si
418 1326 472 1365 ita
491 1333 561 1375 est,
584 1334 807 1378 pergratum
825 1328 924 1365 mihi
943 1327 1089 1375 feceris,
1119 1327 1150 1366 si
1169 1328 1260 1367 istas

127 1380 287 1432 exiguas
312 1381 453 1433 copias,
475 1394 571 1433 quas
588 1381 771 1429 habuisti,
792 1395 912 1434 quam
940 1382 1101 1420 minime
1125 1381 1258 1421 immi-

131 1434 284 1473 nueris:
316 1434 393 1487 qua
411 1435 460 1474 de
477 1448 517 1474 re
536 1437 895 1484 senatus-consulta,
916 1450 1004 1488 quae
1022 1436 1123 1475 facta
1150 1445 1255 1485 sunt,

129 1489 180 1528 ad
200 1497 236 1528 te
254 1489 372 1528 missa
390 1503 468 1529 esse
487 1490 660 1529 arbitror.
696 1490 908 1542 Equidem,
937 1504 1007 1543 pro
1036 1504 1094 1539 eo,
1121 1492 1257 1543 quanti

129 1550 168 1582 te
185 1543 297 1592 facio,
319 1543 510 1596 quidquid
527 1544 674 1593 feceris,
695 1547 914 1596 approbabo
929 1560 939 1583 z
961 1545 1026 1584 sed
1044 1553 1083 1583 te
1101 1559 1258 1597 quoque

128 1598 279 1637 confido
291 1611 336 1637 ea
349 1598 556 1647 facturum,
570 1612 658 1650 quae
672 1599 770 1637 mihi
783 1599 972 1651 intelliges
986 1600 1158 1639 maxime
1177 1613 1257 1639 esse

130 1652 427 1691 accommodata.
467 1653 556 1704 Ego
575 1654 621 1692 C.
642 1654 885 1702 Pomtinum,
914 1654 1086 1705 legatum
1105 1667 1254 1703 meum,

130 1706 330 1746 Brundisii
345 1709 637 1760 exspectabam:
659 1721 827 1760 eumque
841 1716 930 1747 ante
945 1708 1136 1747 calendas
1155 1709 1184 1747 J
1188 1721 1253 1746 un.

63 1773 69 1777 ‘
129 1760 385 1800 Brundisium
404 1768 611 1801 venturum
629 1762 852 1801 arbitrabar.
882 1763 966 1812 Qui
985 1776 1073 1802 cum
1093 1763 1253 1811 venerit,

129 1828 217 1867 quae
230 1816 403 1910 pssallum
421 1816 628 1868 navigandi
646 1817 757 1856 nobis
779 1817 941 1857 facultas
961 1817 1051 1856 data
1069 1817 1154 1866 erit,
1171 1825 1254 1856 ute-

127 1881 229 1909 mur.
339 1884 371 1910 e.

199 1990 289 2045 (4.)
319 1991 381 2031 Μ.
401 1990 450 2031 Τ.
470 1991 518 2033 C.
545 1988 719 2030 APPIO
749 1987 1032 2030 PULCHRO
1062 1988 1103 2027 S.
1127 1987 1184 2027 D.

183 2081 508 2135 (Argumentum.
522 2079 814 2133 —Exspectari
839 2093 863 2118 a
881 2093 920 2118 se
938 2078 1069 2118 scribit
1088 2077 1137 2117 L.
1161 2076 1255 2117 Clo-

127 2136 237 2176 dium
249 2150 339 2176 cum
349 2136 553 2176 mandatis.
583 2137 710 2177 Suum
722 2134 893 2175 studium
906 2132 1121 2185 pollicetur,
1142 2133 1252 2182 cujus

124 2204 255 2232 causas
274 2188 463 2243 exponit.)
