1501 2407
210 117 288 155 138
408 113 493 153 AD
522 112 1030 154 DIVERsos.L11=.v.
1065 111 1144 158 17..

261 224 339 264 His
358 237 428 275 ego
455 223 575 262 literis
594 222 627 261 si
645 222 740 275 quid
761 222 1021 275 profecissem,
1051 220 1336 266 existimabam,

207 279 423 332 optandum
442 278 628 330 quiddam
657 290 720 316 me
748 291 828 316 esse
856 284 1100 316 assecutum·
1129 276 1189 314 sin
1207 274 1339 312 minus

204 335 302 372 forte
323 333 545 379 valuissent,
566 332 689 370 officio
718 339 849 371 tamen
869 345 949 370 esse
975 331 1156 370 functum
1173 332 1339 369 benevo-

204 388 408 428 lentissimi
426 395 542 438 atque
570 386 815 432 amicissimi;
846 400 965 438 quem
982 399 1048 424 me
1066 385 1138 424 tibi
1157 393 1195 424 et
1221 383 1340 421 fuisse

206 456 358 495 semper
384 442 578 482 existimes
607 441 739 492 velim,
769 449 808 480 et
836 441 1015 480 futurum
1048 453 1128 480 esse
1157 436 1337 480 confidas.

210 498 325 538 Vale.

315 663 432 712 (17.)
463 663 524 702 Μ.
551 663 596 702 Ο.
626 664 665 702 S.
687 663 740 701 D.
772 662 819 700 P.
849 661 1081 711 SEXTIO,
1113 661 1161 699 P.
1178 661 1227 699 F.

262 767 585 819 (Argumentum.
599 768 840 806 —Excusat
865 767 1085 806 tarditatem
1109 767 1307 806 literarum
1325 782 1338 814 ς

207 828 245 860 et
277 823 453 861 Sextium
490 823 679 870 hortatur,
718 830 762 859 ut
795 822 984 873 sapienter
1014 829 1052 860 et
1086 822 1234 860 fortiter
1272 834 1342 860 ex-

206 876 336 915 silium
366 877 476 925 ferat,
509 876 558 914 ad
590 876 630 914 id
656 876 761 915 vario
798 890 892 915 usus
929 875 1197 916 consolationis
1221 889 1342 928 argu-

208 937 373 978 mento.)

259 1039 354 1079 Non
379 1040 570 1080 oblivione
592 1040 770 1079 amicitiae
800 1047 953 1088 nostrae,
985 1052 1112 1094 neque
1143 1039 1339 1079 intermis-

207 1094 314 1133 sione
350 1095 635 1134 consuetudinis
672 1108 784 1145 meae,
819 1095 1079 1147 superioribus
1101 1095 1341 1147 temporibus

207 1149 258 1187 ad
285 1156 323 1188 te
350 1150 476 1188 nullas
502 1150 630 1189 literas
657 1150 772 1196 111131;
803 1150 871 1188 sed
897 1149 1002 1202 quod
1019 1149 1149 1202 priora
1166 1157 1341 1201 tempora

207 1203 249 1241 in
268 1203 389 1269 ruinis
408 1204 628 1256 reipublicae
641 1204 856 1256 nostrisque
871 1205 1102 1254 jacuerunt3
1132 1203 1344 1256 posteriora

208 1312 374 1351 bissimis
391 1313 659 1362 incommodis,
689 1313 944 1352 retardarunt.
989 1313 1093 1353 Cum
1111 1325 1201 1352 vero
1219 1320 1257 1351 et
1280 1312 1341 1350 in-

206 1368 413 1406 tervassum
429 1369 513 1418 jam
532 1369 622 1406 satis
635 1369 796 1420 longum
816 1368 966 1417 fuisset,
981 1375 1018 1407 et
1029 1377 1138 1406 tuam
1158 1367 1341 1406 virtutem

207 1421 406 1474 animique
428 1422 739 1474 magnitudinem
768 1423 990 1474 diligentius
1026 1435 1146 1461 essem
1183 1434 1339 1460 mecum

208 1476 442 1525 recordatus,
462 1489 540 1515 non
558 1478 694 1529 putavi
719 1490 800 1516 esse
826 1477 998 1517 alienum
1022 1476 1209 1516 institutis
1226 1476 1338 1526 meis,

208 1529 292 1568 haec
311 1531 360 1569 ad
378 1538 416 1570 te
435 1531 607 1570 scribere.

263 1584 352 1637 Ego
377 1592 429 1632 te,
451 1586 498 1624 P.
523 1586 646 1635 Sexti,
666 1593 704 1625 et
721 1585 857 1639 primis
882 1586 1120 1639 temporibus
1141 1585 1232 1634 illis,
1253 1583 1342 1637 qui-

209 1640 284 1678 bus
321 1639 363 1677 in
394 1640 595 1689 invidiam,
634 1642 785 1704 absens,
817 1649 853 1680 et
890 1641 932 1679 in
963 1641 1106 1680 crimen
1139 1640 1338 1688 vocabare,

209 1692 389 1732 defendi:
421 1702 472 1743 et,
493 1708 583 1734 cum
609 1696 649 1733 in
669 1696 727 1734 tui
745 1695 1038 1734 familiarissimi
1049 1695 1195 1746 judicio
1209 1707 1254 1733 ac
1271 1706 1343 1746 pe-

209 1747 331 1786 riculo
344 1755 459 1787 tuum
477 1747 660 1803 [crimen]
682 1752 991 1801 conjungeretur,
1007 1758 1052 1788 ut
1065 1749 1176 1802 potui
1187 1761 1342 1787 accura-

209 1802 355 1841 tissime
373 1810 411 1841 te
425 1811 612 1856 tuamque
631 1818 786 1843 causam
805 1812 952 1843 tutatus
964 1817 1077 1843 sum:
1099 1811 1138 1842 et
1148 1803 1339 1856 proxime,

209 1856 349 1895 recenti
361 1857 528 1896 adventu
546 1871 648 1906 meo,
665 1872 754 1897 cum
773 1871 857 1897 rem
870 1858 1001 1897 aliter·
991 1859 1208 1898 mstitutam
1220 1857 1342 1896 offen-

208 1910 364 1959 dissem,
387 1925 431 1950 ac
449 1913 548 1950 mihi
561 1914 780 1964 placuisset,
801 1913 833 1952 si
847 1913 1067 1959 311111338111,
1088 1920 1219 1951 tamen
1230 1911 1342 1950 nulla

208 1977 250 2004 re
269 1965 383 2004 saluti
398 1974 476 2004 tuae
489 1967 606 2005 defui.
638 1967 819 2020 Cumque
839 1981 883 2006 eo
902 1974 1088 2019 tempore,
1108 1966 1254 2005 invidia
1272 1978 1342 2005 an-

210 2031 337 2066 nonae,
358 2020 504 2060 inimici
522 2033 600 2060 non
619 2022 746 2060 solum
760 2021 833 2070 tui,
847 2034 982 2060 verum
998 2022 1114 2060 etiam
1126 2020 1341 2060 amicorum

209 2080 381 2123 tuorum,
401 2075 584 2138 iniquitas
613 2077 729 2115 totius
756 2076 906 2127 judicii,
937 2077 1141 2128 multaque
1165 2075 1242 2114 alia
1268 2075 1343 2114 rei-

209 2129 375 2179 publicae
395 2130 501 2178 vitia,
529 2131 620 2182 plus
646 2144 764 2183 quam
785 2144 900 2170 causa
917 2131 1001 2183 ipsa
1026 2131 1254 2182 veritasque,
1274 2143 1343 2168 va-

209 2181 397 2230 luissent3
429 2185 571 2224 Publio
607 2192 676 2225 tuo
701 2198 827 2253 neque
855 2199 986 2237 opera,
1013 2197 1140 2247 neque
1169 2183 1341 2231 consilio,

211 2248 337 2290 neque
359 2238 504 2289 labore,
525 2252 650 2292 neque
669 2240 807 2293 gratia,
827 2253 953 2292 neque
972 2238 1202 2286 testimonio,
1223 2237 1347 2277 defui.
