1501 2407
384 108 467 147 AD
495 107 792 148 DIVERSOS.
824 108 924 147 Lm.
947 110 981 148 1.
1011 112 1049 148 9,
1228 113 1276 157 17

157 217 324 257 exercitu
342 217 482 256 victore
500 216 684 263 obtinere,
704 223 750 255 ut
767 216 900 265 debeo,
919 217 1047 257 laetor:
1078 218 1144 258 sed
1163 226 1276 267 certe,

156 273 226 324 qui
244 272 314 310 tibi
332 284 380 310 ex
398 284 461 310 me
474 271 620 309 fructus
638 271 838 332 debentur,
852 285 913 309 eos
927 272 1117 311 uberiores
1133 280 1169 311 et
1179 287 1278 324 prae-

158 326 337 365 sentiores
354 337 519 377 praesens
538 338 671 377 capere
688 325 884 376 potuisses.
915 327 965 364 In
985 327 1036 364 eis
1051 340 1138 365 vcro
1163 328 1277 366 ulcis-

157 380 299 427 cendis,
316 392 412 431 quos
430 379 500 417 tibi
518 380 658 431 partim
676 379 849 418 11111111005
868 392 946 418 0550
960 379 1141 432 intelligis
1159 395 1276 442 prop-

157 441 216 472 ter
234 441 342 472 tuam
366 433 712 485 propugnationem
738 433 869 471 salutis
888 446 998 481 meae,
1019 435 1158 485 partini
1177 436 1275 473 invi-

154 488 244 526 dere
256 495 410 539 propter
428 487 531 525 illius
550 487 706 526 actionis
725 487 1020 538 amplitudinem
1036 496 1072 527 et
1083 489 1272 540 gloriam3

153 542 360 580 mirificum
378 554 442 580 me
461 542 531 580 tibi
545 541 723 580 comitem
741 542 1013 592 praebuissem.
1035 556 1275 604 quamquam

154 596 221 634 ille
248 595 425 657 perennis
456 595 634 634 inimicus
657 595 868 633 amicorum
887 609 1059 657 suorum,
1088 597 1170 648 qui,
1199 597 1274 636 tuis

152 650 334 688 maximis
352 649 542 688 beneficiis
561 656 730 696 ornatus,
750 649 791 686 in
803 656 840 688 te
853 650 1096 701 potissimum
1114 651 1275 689 fractam

153 705 262 742 illam
281 712 318 742 et
336 704 573 743 debilitatam
592 703 672 741 vim
691 716 801 741 suam
828 705 1003 751 contulit,
1030 712 1198 743 nostram
1217 705 1274 743 vi-

150 771 236 797 cem
253 759 358 796 ultus
378 765 433 796 est
451 758 532 809 ipse
550 770 642 796 sese.
670 758 743 796 Est
762 757 865 796 enim
884 772 928 797 ea
947 766 1117 806 conatus,
1134 759 1275 810 quibus

151 811 361 864 patefactis,
376 813 526 850 nullam
545 812 617 850 sibi
634 812 676 850 in
693 819 902 863 posterum,
918 825 996 851 non
1014 813 1130 851 modo
1149 813 1275 865 digni-

151 867 254 914 tatis,
278 867 344 905 sed
361 879 410 904 ne
428 866 614 905 libertatis
639 866 811 918 quidem,
831 874 979 917 partem
1004 867 1170 918 reliquit.
1213 868 1274 906 Te

151 928 297 968 autem,
324 921 402 959 0151·
419 921 576 958 1113110111
600 920 642 958 111
669 920 765 958 111015
783 922 897 958 rebus
917 928 1133 972 expertum,
1154 935 1273 972 quam

148 975 267 1013 etiam
286 974 327 1012 in
346 975 437 1022 tuis,
458 982 588 1012 tamen
607 974 648 1011 in
669 974 842 1012 molestia
868 975 1030 1025 gaudeo,
1052 988 1136 1013 eam
1156 975 1274 1014 fidem

148 1030 331 1080 cognosse
359 1029 578 1076 hominum,
598 1040 676 1066 non
700 1028 755 1066 ita
776 1028 918 1079 magna
947 1029 1133 1077 mercede,
1154 1043 1273 1081 quam

147 1096 221 1134 ego
238 1082 410 1121 maximo
428 1083 557 1121 dolore
580 1084 796 1133 cognoram.
837 1083 901 1121 De
925 1083 1004 1134 qua
1022 1083 1167 1121 ratione
1192 1084 1274 1122 tota

144 1138 230 1187 jam
249 1137 399 1175 videtur
416 1136 515 1174 mihi
533 1136 749 1187 exponendi
767 1143 920 1188 tempus
938 1137 1034 1184 dari,
1062 1144 1107 1175 ut
1126 1137 1196 1176 tibi
1213 1151 1273 1176 re-

148 1191 328 1239 scribam,
348 1190 399 1229 ad
418 1204 462 1229 ea
480 1204 568 1242 quae
587 1191 736 1242 quaeris.

205 1245 417 1284 Certiorem
445 1252 483 1283 te
507 1258 575 1296 per
603 1245 732 1283 literas
762 1244 892 1283 scribis
922 1257 1000 1283 esse
1021 1244 1181 1293 factum,
1208 1258 1272 1284 me

148 1312 241 1340 cum
261 1299 411 1338 Caessare
432 1306 469 1337 et
494 1312 584 1337 cum
602 1298 737 1350 Appio
759 1312 838 1337 esse
862 1300 903 1336 in
921 1299 1068 1350 gratia:
1099 1307 1214 1351 teque
1231 1301 1273 1338 id

142 1367 229 1393 ‘non
255 1353 530 1405 reprehendere
555 1352 748 1391 adscribis.
778 1353 984 1391 Vatinium
1007 1361 1152 1401 autem,
1180 1354 1273 1393 scire

148 1416 190 1448 te
211 1408 309 1447 velle
327 1407 506 1456 ostendis,
534 1407 675 1459 quibus
701 1409 813 1446 rebus
831 1407 1019 1446 adductus
1037 1407 1272 1446 defenderim

142 1470 190 1502 -e't
206 1461 409 1500 laudarim.
449 1461 568 1509 Quod
593 1461 664 1500 tibi
687 1469 731 1500 ut
759 1462 912 1513 planius
932 1474 1137 1513 exponam,
1158 1463 1273 1501 altius

148 1517 267 1569 paulo
284 1516 470 1555 rationem
483 1515 726 1554 consiliorum
736 1528 912 1554 meorum
926 1523 1111 1568 repetam,
1124 1529 1274 1556 necesse

149 1577 218 1611 est.

205 1625 294 1677 Ego
321 1638 400 1673 me,
432 1624 613 1673 Lentule,
639 1623 749 1663 initio
770 1637 900 1663 rerum
929 1631 1046 1677 atque
1078 1624 1273 1663 actionum

150 1688 323 1728 1113111111,
355 1691 434 1718 11011
453 1680 579 1718 50111111
597 1679 708 1728 111015,
729 1679 796 1717 sed
822 1679 937 1717 etiam
959 1679 1194 1730 reipublicae,
1215 1692 1275 1717 re-

149 1734 330 1774 stitutum
359 1735 570 1785 putabam:
602 1741 652 1783 et,
683 1733 867 1795 quoniam
904 1733 975 1772 tibi
1010 1733 1273 1771 incredibilem

151 1788 362 1841 quemdam
381 1800 565 1835 amorem,
586 1795 623 1826 et
641 1787 771 1826 omnia
795 1787 836 1826 in
854 1794 892 1826 te
910 1787 1039 1839 ipsum
1058 1800 1211 1826 summa
1228 1800 1273 1825 30

150 1843 360 1894 singularia
373 1842 512 1890 studia,
527 1841 984 1893 deberem31eipublicae,
994 1855 1082 1894 quae
1095 1848 1133 1880 te
1150 1841 1192 1879 in
1209 1854 1273 1879 me

150 1897 383 1936 restituendo
393 1897 564 1934 multum
576 1896 796 1947 adjuvisset,
810 1909 900 1935 eum
913 1904 1011 1934 certe
1024 1908 1088 1934 me
1099 1895 1276 1934 animum

149 1951 286 1990 merito
303 1951 423 2003 ipsius
441 1951 577 1990 debere
595 1951 819 2000 arbitrabar,
840 1963 957 2001 quem
975 1957 1086 1988 antea
1104 1957 1276 1988 tantum-

153 2005 269 2044 modo
287 2005 484 2043 communi
508 2005 631 2044 officio
658 2005 815 2054 civium,
836 2017 913 2042 non
939 2005 1069 2056 aliquo
1096 2018 1186 2055 erga
1211 2016 1274 2042 me

154 2059 339 2110 singulari
354 2059 552 2109 beneficio,
578 2059 766 2107 debitum,
790 2059 1064 2111 praestitissem.
1105 2058 1192 2097 Hac
1211 2071 1274 2096 me

152 2121 281 2153 mente
312 2113 442 2162 fuisse,
482 2122 518 2152 01
551 2121 702 2152 senatus
735 2127 782 2151 ex
808 2127 886 2162 me,
907 2120 944 2151 te
967 2112 1135 2159 consule,
1165 2111 1273 2150 audi-

149 2169 218 2217 vit,
240 2175 277 2206 et
295 2175 353 2216 tu,
379 2168 421 2206 in
443 2168 580 2206 nostris
602 2167 841 2206 sermonibus
867 2167 1272 2218 collocutionibusque,

146 2223 231 2274 ipse
249 2221 387 2261 vidisti.
428 2221 527 2269 Etsi,
552 2222 633 2271 jam
653 2222 787 2273 primis
807 2222 1043 2275 temporibus
1061 2221 1152 2269 illis,
1168 2220 1271 2259 mul»-

926 2287 949 2313 c
972 2277 996 2313 3
