1501 2407
201 97 250 134 34
401 99 484 137 AD
512 98 808 140 DIVERSOS.
837 99 937 138 Lm.
967 99 1026 138 II.
1055 101 1094 138 4.

361 206 441 253 (4.)
472 205 534 244 Μ.
550 205 601 244 Τ.
616 206 661 246 C.
690 207 736 245 C.
753 206 1001 246 CURIONI
1031 207 1071 246 S.
1092 206 1146 247 D.

250 305 573 357 (Argumentum.
588 329 642 338 —
657 307 820 347 Diversa
851 307 942 347 dicit
969 309 1165 346 literarum
1194 320 1309 359 gene-

197 371 238 396 ra
269 372 362 409 esse,
390 374 555 412 quorum
581 362 734 400 nullum
753 363 825 401 sibi
851 363 934 412 jam
959 362 1169 400 conveniat.
1198 361 1308 408 Qua-

196 421 349 464 propter
367 415 415 452 ad
434 416 730 454 cohortationem
750 417 897 464 transit,
917 424 961 454 ut
978 423 1111 467 pergat
1130 415 1247 454 Curio
1259 415 1308 453 ad

194 466 385 516 gloriam
374 481 442 516 ire,
463 469 554 530 quia
571 470 696 521 gravis
713 470 786 521 ipsi
804 470 1030 518 adversaria,
1049 470 1224 508 omnium
1243 482 1310 508 ex-

194 522 388 571 spectatio,
408 524 612 561 constituta
629 522 708 573 sit.)

246 627 510 679 Epistolarum
529 643 667 682 genera
691 631 817 669 multa
837 643 916 669 esse
933 643 1010 668 non
1034 631 1210 682 ignoras.
1239 630 1308 668 scd

192 693 317 720 unum
349 684 448 722 illud.
480 685 748 733 certissimum,
779 685 889 734 cujus
921 685 1036 723 causa
1047 662 1221 723 ”inventa
1249 697 1310 722 res

190 735 274 786 ipsa
292 744 363 787 est,
377 745 421 776 ut
435 739 608 776 certiores
621 738 830 776 faceremus
843 739 1028 784 absentes,
1045 738 1077 776 si
1090 738 1184 799 quid
1199 745 1309 785 aeset,

190 790 296 840 quod
327 804 390 830 eos
423 792 529 841 scire,
557 799 624 830 aut
651 793 781 830 nostra
802 798 870 830 aut
898 791 1070 842 ipsorum
1099 792 1307 830 interesset.

191 842 325 893 Hujus
351 845 500 896 generis
527 846 656 884 literas
686 859 709 884 a
736 858 800 883 me
834 846 1001 896 profecto
1036 857 1115 883 non
1147 846 1305 896 expetis.

192 897 372 937 Tuarum
390 899 494 937 enim
519 912 648 938 rerum
672 899 966 937 domesticarum
990 899 1107 937 habes
1132 906 1170 937 et
1191 899 1309 950 scrip-

191 957 291 989 tores
309 960 347 990 et
371 953 537 990 nuntios.
567 953 617 990 In
635 953 732 991 meis
750 960 880 991 autem
898 954 1011 990 rebus
1028 953 1127 990 nihil
1144 959 1200 991 oet
1218 966 1308 992 sane

190 1005 292 1043 novi.
321 1006 489 1058 Reliqua
507 1014 596 1044 sunt
614 1007 860 1058 epistolarum
878 1019 1017 1057 genera
1035 1006 1126 1055 duo,
1147 1019 1234 1057 quae
1243 1019 1308 1045 me

188 1071 422 1111 magnopere
447 1060 665 1107 delectant;
693 1073 818 1099 unum
846 1060 1035 1098 familiare
1056 1067 1094 1098 et
1117 1061 1305 1110 Jocosum‚

190 1112 354 1152 alterum
384 1126 558 1152 severum
584 1121 622 1152 et
650 1128 776 1166 grave.
806 1114 905 1153 Utro
933 1126 997 1152 me
1020 1114 1150 1152 minus
1179 1114 1308 1153 deceat

190 1166 263 1214 uti,
283 1179 361 1206 non
379 1167 563 1219 intelligo.
592 1169 622 1206 J
624 1181 757 1207 oceme
770 1175 897 1206 tecum
915 1181 984 1219 per
999 1167 1156 1205 literas?
1184 1169 1305 1207 civem

190 1221 441 1270 (mehercule)
461 1234 538 1260 non
556 1230 651 1273 puto
670 1235 762 1270 esse,
779 1221 846 1273 qui
860 1221 1094 1272 temporibus
1107 1221 1168 1260 his
1186 1221 1308 1261 ridere

190 1275 323 1325 possit.
351 1275 421 1313 An
446 1275 600 1326 gravius
619 1276 765 1327 aliquid
780 1275 969 1314 scribam?
998 1274 1092 1326 quid
1110 1282 1179 1322 est,
1204 1276 1308 1327 quod

189 1327 308 1378 possit
325 1329 490 1379 graviter
519 1341 543 1367 a
571 1329 751 1368 Cicerone
773 1328 886 1367 scribi
907 1328 957 1366 ad
984 1327 1208 1379 Curionem,
1234 1329 1307 1367 nisi

188 1382 236 1419 de
255 1394 295 1420 re
312 1381 498 1433 publica?
525 1384 659 1434 Atque
672 1383 713 1420 in
736 1383 808 1421 hoc
827 1394 964 1433 genere
984 1382 1078 1434 haec⁴
1090 1395 1178 1421 mea
1195 1396 1310 1422 causa

190 1442 259 1481 est,
286 1445 331 1473 ut
355 1448 480 1487 neque
507 1449 566 1483 ea,
592 1449 679 1486 quae
706 1449 810 1474 nunc
831 1435 966 1484 sentio,
993 1436 1108 1474 velim
1134 1436 1305 1475 scribere.

189 1490 468 1538 Quamobrem,
490 1490 673 1541 quoniam
690 1490 788 1528 mihi
808 1490 962 1528 nullum
988 1490 1174 1528 scribendi
1192 1504 1307 1541 argu-

187 1549 364 1582 mentum
391 1543 567 1582 relictum
599 1551 668 1592 est,
691 1551 777 1582 utar
804 1543 849 1581 ea
872 1543 1057 1591 clausula,
1074 1542 1151 1596 qua
1175 1545 1304 1591 soleo;

188 1605 304 1648 teque
335 1597 385 1635 ad
414 1597 585 1635 studium
617 1610 778 1635 summae
807 1597 933 1636 laudis
967 1598 1201 1636 cohortabor.
1233 1599 1307 1637 Est

187 1652 291 1690 enim
316 1650 387 1689 tibi
408 1651 532 1702 gravis
550 1651 761 1689 adversaria
789 1651 992 1689 constituta
1018 1659 1056 1690 et
1072 1659 1218 1703 parata,
1244 1653 1305 1690 in-

188 1704 377 1744 credibilis
396 1705 574 1756 quaedam
601 1705 853 1766 exspectatio:
884 1717 1002 1756 quam
1021 1713 1064 1743 tu
1091 1706 1170 1743 una
1188 1718 1228 1744 re
1245 1706 1304 1744 fa-

188 1759 329 1798 cillime
348 1758 488 1807 vinces,
509 1758 540 1796 si
557 1758 630 1797 hoc
647 1759 834 1807 statueris,
855 1771 1021 1810 quarum
1039 1759 1200 1797 laudum
1220 1760 1304 1810 glo-

186 1813 284 1851 riam
300 1812 505 1873 adamaris,
526 1813 666 1864 quibus
690 1803 834 1851 artibus
852 1826 905 1850 eae
929 1813 1061 1850 laudes
1079 1825 1303 1864 comparan-

188 1875 263 1913 tur,
297 1866 338 1903 in
370 1866 416 1904 iis
448 1879 527 1905 esse
561 1867 826 1905 laborandum.
871 1865 919 1904 In
949 1867 1048 1904 hanc
1077 1867 1299 1905 sententiam

186 1921 387 1959 scriberem
416 1920 543 1971 plura,
572 1920 645 1958 nisi
673 1927 710 1958 tc
738 1918 804 1958 tua
833 1928 966 1971 sponte
989 1920 1078 1958 satis
1099 1920 1300 1959 incitatum

187 1987 266 2013 esse
296 1973 548 2012 confiderem:
580 1981 617 2012 et
641 1975 726 2022 hoc,
756 1974 945 2026 quidquid
973 1974 1096 2024 attigi,
1126 1986 1202 2011 non
1228 1975 1300 2012 feci

184 2027 451 2067 inflammandi
473 2028 530 2067 tui
554 2028 682 2078 causfa,
706 2028 772 2067 sed
795 2027 1019 2067 testificandi
1045 2027 1183 2066 amoris
1207 2028 1298 2066 mei.

190 2081 300 2120 Vale.
