1481 2422
191 81 273 121 368
376 77 461 119 AD
489 77 788 122 DIVERSOS.
817 80 915 121 Lm.
933 78 1037 120 XII.
1070 80 1133 150 19.

317 186 429 238 (10.)
459 187 524 227 Μ.
544 187 596 229 Τ.
617 188 667 229 C.
697 188 743 230 C.
764 189 964 231 CASSIO
991 189 1032 230 S·
1053 188 1101 228 1².
1115 187 1172 228 D.

234 301 564 354 (Argumentum.
576 323 633 333 —
643 299 699 340 Et
717 300 915 353 Lepidum
927 300 1080 340 hostem
1088 298 1308 351 judioetum

179 356 310 395 scribit
327 370 339 402 ;
369 369 407 396 et
425 356 582 395 omnino
603 369 685 395 rem
699 369 866 408 poscere,
886 362 932 395 ut
951 355 1106 395 Cassius
1130 367 1222 394 cum
1239 367 1309 394 ex-

178 410 299 450 ercitu
316 410 358 449 in
378 410 535 450 Italiam
554 411 712 459 veniat.)

253 518 442 572 Lepidus,
481 526 571 558 tuus
608 519 748 567 affinis,
785 532 897 558 meus
932 517 1149 567 familiaris,
1186 517 1310 570 pridie

179 573 265 614 Cal.
282 573 492 622 Quintiles,
508 574 705 612 sententiis
723 573 918 621 omnibus,
937 572 1259 612 hostisasenatu
1244 586 1310 622 Ju-

179 628 328 667 dicatus
347 636 418 677 est,
437 628 653 680 caeterique,
679 628 748 681 qui
762 628 846 666 11113
874 640 965 667 cum
984 627 1052 666 1110
1070 641 1094 666 3
1111 626 1310 679 republica.

178 682 424 722 defecerunt.
462 682 604 734 quibus
637 690 769 721 tamen
800 682 851 721 ad
882 681 1087 721 sanitatem
1122 680 1309 721 redeundi

177 744 267 776 ante
283 737 367 776 Cal.
384 737 580 788 Septemb.
600 744 765 789 potestas
784 737 886 775 facta
903 743 971 775 est.
1000 735 1127 775 Fortis
1141 748 1232 774 sane
1248 748 1309 775 se-

175 798 316 837 natus3
346 790 412 829 sed
439 792 613 829 maxima
632 804 716 842 spes
735 791 895 830 subsidii
924 790 994 829 tui.
1033 790 1195 829 Bellum
1220 789 1309 842 qui-

176 845 280 894 dem,
301 857 392 883 cum
410 845 493 884 haec
512 845 739 894 scribebam,
754 858 844 885 sane
855 857 1043 897 magnum
1058 851 1153 894 erat,
1169 845 1309 884 scelere

181 908 219 938 et
235 900 390 938 levitate
409 899 564 951 Lepidi.

231 954 318 993 Nos
347 953 395 992 de
413 953 621 993 Dolabella
649 953 833 1017 quotidie,
861 967 949 1016 quae
976 953 1170 1001 volumus,
1197 952 1308 992 audi-

176 1020 295 1054 mus;
326 1007 392 1046 sed
421 1007 548 1047 adhuc
574 1009 656 1047 sine
688 1009 825 1061 capite,
855 1009 937 1047 sine
964 1015 1132 1057 auctore,
1152 1020 1308 1048 rumore

173 1063 322 1100 nuntio.
352 1062 472 1110 Quod
492 1076 583 1102 cum
601 1064 655 1102 ita
673 1071 783 1112 esset,
804 1071 935 1102 tamen
954 1062 1075 1102 literis
1094 1061 1186 1111 tuis,
1206 1075 1306 1115 quas

174 1116 302 1155 Nonis
322 1116 425 1155 Maii
444 1130 492 1156 ex
507 1117 637 1156 castris
657 1117 764 1156 datas
783 1130 1064 1170 acceperamus,
1083 1116 1138 1155 ita
1151 1129 1309 1168 persua-

175 1183 263 1209 sum
283 1178 362 1210 erat
382 1171 540 1219 civitati,
557 1180 602 1210 ut
619 1172 759 1210 illum
745 1186 828 1221 Jam
848 1184 1075 1225 oppressum
1093 1183 1226 1210 omnes
1244 1184 1307 1210 ar-

172 1225 420 1275 bitrarentur,
437 1233 474 1265 te
489 1234 619 1265 autem
638 1227 680 1264 in
700 1227 857 1266 Italiam
869 1227 998 1265 venire
1009 1238 1099 1265 cum
1111 1225 1303 1273 exercitu3

174 1287 233 1328 ut,
255 1280 287 1318 si
305 1280 388 1318 haec
407 1293 455 1318 ex
475 1281 663 1320 sententia
682 1281 853 1320 confecta
864 1289 1000 1330 essent,
1014 1280 1172 1320 consilio
1191 1287 1308 1332 atque

175 1335 400 1372 auctoritate
419 1333 499 1384 tua,
529 1335 589 1374 sin
608 1335 704 1387 quid
731 1335 829 1375 forte
856 1336 1068 1374 titubatum
1101 1337 1163 1378 (ut
1191 1333 1236 1372 fit
1263 1334 1307 1374 in

174 1387 313 1438 bello),
335 1389 504 1428 exercitu
523 1398 604 1437 tuo,
626 1389 847 1429 niteremur.
891 1389 1023 1437 Quem
1052 1387 1211 1441 quidem
1234 1401 1307 1440 ego

172 1443 399 1491 exercitum,
420 1444 730 1495 quibuscumque
743 1452 875 1496 potero
892 1445 1022 1493 rebus,
1047 1444 1216 1489 ornabo;
1238 1455 1307 1482 cu-

169 1497 236 1546 jus
253 1497 308 1535 rei
330 1504 416 1535 tum
445 1505 598 1549 tempus
618 1498 702 1546 erit,
723 1512 828 1548 cum,
856 1498 951 1550 quid
975 1498 1059 1551 opis
1084 1496 1306 1549 reipublicae

173 1551 323 1590 laturus
351 1551 383 1590 is
403 1552 591 1591 exercitus
611 1552 673 1600 sit,
695 1560 762 1591 aut
781 1552 876 1605 quid
891 1554 976 1602 jam
1001 1551 1147 1600 tulerit,
1167 1560 1306 1591 notum

175 1618 257 1644 aese
275 1605 439 1657 coeperit.
470 1607 578 1644 Nam
591 1607 717 1646 adhuc
728 1615 880 1646 tantum
900 1614 1058 1645 conatus
1076 1606 1303 1655 audiuntur,

173 1660 312 1712 optimi
337 1660 396 1698 1111
429 1660 588 1712 quidem
614 1669 650 1700 et
679 1661 982 1713 praeclarissinfi:
1014 1660 1080 1699 sed
1110 1668 1218 1712 gesta
1245 1673 1306 1700 res

175 1722 442 1767 exspectatur.
475 1729 595 1767 quarn
623 1716 781 1768 quidem
810 1725 877 1754 aut
903 1717 987 1777 jam
1016 1727 1097 1754 5555
1114 1715 1303 1767 aliquam,

174 1776 244 1807 aut
261 1769 585 1821 appropinquare,
613 1770 775 1809 confido.
817 1770 911 1809 Tua
938 1769 1080 1808 virtute
1099 1777 1137 1807 et
1154 1769 1307 1821 magni-

172 1823 308 1862 tudine
327 1823 449 1862 animi
467 1824 565 1862 nihil
591 1831 647 1863 est
665 1825 845 1864 nobilius.
889 1824 1029 1877 Itaque
1047 1830 1241 1876 optamus,
1261 1831 1306 1862 ut

172 1890 294 1930 quam
311 1877 486 1930 primum
503 1886 542 1918 te
559 1878 601 1917 in
626 1878 743 1918 Italia
761 1879 973 1918 videamus.
1003 1877 1305 1931 Rempublioem

172 1943 243 1971 nos
260 1932 403 1971 habere
414 1933 701 1982 arbitrabimur,
723 1933 755 1973 si
773 1947 840 1973 vos
857 1933 1102 1973 habebimus.

226 1986 415 2026 Praeclare
433 1987 660 2037 viceramus,
681 1988 755 2027 nisi
774 1988 1027 2040 spoliatum,
1015 1999 1219 2035 mermem,
1238 1985 1304 2026 fu-

170 2039 351 2092 gientem,
372 2041 547 2094 Lepidus
566 2042 764 2104 recepisset
778 2043 1012 2082 Antonium·
1042 2041 1183 2094 Itaque
1201 2053 1304 2081 nun-

170 2107 291 2145 quam
312 2102 419 2134 tanto
447 2095 534 2135 odio
562 2097 705 2136 civitati
723 2096 923 2136 Antonius
951 2096 1041 2144 fuit,
1071 2102 1217 2147 quanto
1245 2102 1303 2134 est

171 2148 355 2201 Lepidus.
399 2149 474 2189 Ille
502 2150 606 2190 enim
624 2164 673 2190 ex
691 2151 915 2191 turbulenta
937 2149 1150 2203 republica,
1169 2148 1233 2189 hic
1251 2161 1301 2188 ex

170 2215 267 2254 pace
288 2210 326 2244 et
355 2202 528 2257 victoria,
558 2206 708 2247 bellum
739 2205 930 2248 excitavit.
973 2204 1082 2247 Huic
1110 2203 1303 2258 oppositos
