1501 2407
198 85 275 124 100
397 85 481 124 AD
509 84 805 126 DIVERSOS.
834 85 934 125 Lm.
965 85 1041 125 IV.
1070 87 1109 124 8.

195 192 488 243 rempublicam,
514 193 693 245 patietur,
724 206 850 255 neque
877 194 961 246 ipsa
988 192 1228 244 respublica
1257 196 1314 230 ta-

197 258 287 284 men
305 246 495 298 impetum
513 248 767 298 praedonum
757 261 798 286 m
816 255 901 286 tuas
919 248 1091 286 fortunas
1110 245 1193 285 fieri
1210 245 1312 284 nolo.

200 299 260 336 Hi
277 307 407 338 autem
426 301 494 352 qui
512 308 647 351 essent,
667 301 846 340 auderem
865 302 1038 349 scribere,
1058 300 1133 338 nisi
1150 307 1187 338 te
1204 298 1318 349 intel-

199 353 317 404 ligere
335 354 574 393 confiderem.

256 407 337 445 Hic
355 414 392 446 te
410 409 526 447 unius
552 409 836 456 sollicitudines,
860 408 976 447 unius
995 408 1111 447 etiam
1128 407 1263 446 multae
1281 413 1319 444 et

201 460 362 499 assiduae
379 462 571 513 lacrymae,
594 463 638 501 C.
660 463 851 510 Marcelli,
871 462 997 500 fratris
1017 461 1167 513 optimi,
1187 461 1321 512 depre-

201 521 363 552 cantur:
394 528 463 554 nos
493 530 584 555 cura
609 525 646 554 et
670 516 798 555 dolore
819 516 987 567 proximi
1005 528 1165 561 sumus;
1195 514 1319 566 preci-

204 569 279 606 bus
297 568 490 618 tardiores,
517 570 622 622 quod
648 571 712 620 jus
735 570 913 618 adeundi,
937 582 1026 608 cum
1050 569 1123 620 ipsi
1145 543 1322 620 depreca-

206 621 309 660 tione
328 623 558 673 eguerimus,
579 636 656 661 non
675 624 874 661 habemus.
902 598 1043 661 Gratia
1063 629 1217 660 tantum
1234 634 1322 673 pos-

207 688 355 723 sumus,
376 685 565 727 quantum
589 677 705 715 victi:
736 677 801 715 sed
823 684 966 724 tamen,
996 676 1165 723 consilio,
1183 675 1322 723 studio,

209 728 397 768 Marcello
416 742 493 769 non
516 731 710 768 desumus.
740 731 781 767 A
801 731 876 768 tuis
897 730 1053 782 reliquis
1071 742 1149 768 non
1167 729 1325 768 adhibe-

209 794 299 821 mur
315 797 326 821 :
356 783 406 822 ad
420 785 549 823 omnia
567 784 690 835 parati
709 797 855 822 sumus.
883 784 996 823 Vale.

292 938 375 993 (8.)
417 940 479 980 M.
499 940 550 980 Τ.
574 939 621 981 C.
662 942 702 981 S.
723 941 776 980 D.
818 941 881 981 M.
911 937 1246 980 MARCELLO.

269 1049 326 1101 (A
333 1054 593 1100 rgumentmn
616 1074 671 1083 —
693 1049 871 1088 Laudat&
901 1047 1078 1088 Marcelli
1106 1045 1324 1099 prudentia,

212 1104 411 1155 pollicetur
422 1103 544 1141 officia
562 1117 658 1149 sua3
689 1112 740 1152 et,
756 1112 801 1141 ut
814 1104 988 1165 domum,
1005 1102 1240 1154 quicumque
1251 1107 1328 1139 sta-

213 1165 276 1196 tus
294 1157 511 1209 reipublicae
531 1158 592 1206 sit,
611 1165 834 1207 revertatur,
853 1158 994 1196 iterum
1011 1155 1201 1205 admonet.
1207 1153 1223 1204 )

270 1266 412 1317 Neque
429 1277 585 1304 monere
608 1272 646 1303 te
669 1266 804 1313 audeo,
831 1265 1027 1317 praestanti
1047 1264 1253 1317 prudentia
1275 1263 1332 1303 vi-

217 1333 333 1365 rum3
387 1331 457 1358 nec
492 1320 728 1368 confirmare,
766 1320 929 1358 maximi
968 1320 1087 1358 animi
1119 1320 1330 1366 hominem,

215 1386 418 1434 unumque
447 1373 724 1419 fortissimum3
755 1374 939 1412 consolari
967 1387 1055 1411 vero
1080 1375 1188 1413 nullo
1205 1372 1333 1412 modo.

217 1428 340 1475 Nam,
362 1428 393 1465 si
412 1440 469 1474 ea,
490 1440 577 1478 quae
595 1428 850 1475 acciderunt,
840 1437 894 1465 113
910 1428 999 1475 fers,
1014 1435 1059 1466 ut
1077 1428 1218 1474 311111ος
1247 1439 1334 1477 gra—

216 1481 332 1519 tulari
358 1481 480 1532 magis
509 1480 640 1519 virtuti
658 1482 789 1528 debeo,
811 1494 929 1532 quam
955 1482 1140 1520 consolari
1165 1482 1334 1520 dolorem

215 1541 341 1573 tuum.
371 1535 439 1574 Sin
468 1543 506 1573 te
534 1543 641 1573 tanta
664 1536 768 1573 mala
788 1535 1007 1586 reipublicae
1031 1534 1229 1587 frangunt,
1255 1546 1334 1572 non

216 1589 271 1627 ita
290 1589 443 1627 abundo
460 1588 627 1639 ingenio,
647 1596 692 1627 ut
710 1596 747 1626 te
765 1589 947 1638 consoler,
967 1601 1056 1626 cum
1077 1589 1158 1641 ipse
1177 1601 1241 1627 me
1257 1600 1336 1626 non

218 1643 372 1694 possim.
403 1643 618 1693 Reliquum
643 1651 698 1681 est
715 1643 847 1693 igitur,
867 1649 912 1680 ut
933 1642 1003 1680 tibi
1025 1655 1089 1681 me
1106 1643 1147 1681 in
1165 1642 1272 1681 omni
1296 1654 1338 1680 re

217 1709 308 1734 eum
337 1698 529 1747 praebeam
557 1705 824 1748 praestemque,
855 1705 899 1734 ut
928 1696 978 1734 ad
1007 1697 1150 1745 omnia,
1171 1710 1259 1748 quae
1277 1695 1337 1733 tui

219 1751 352 1798 velint,
372 1751 425 1788 ita
444 1750 565 1788 adsim
584 1759 735 1801 praesto,
751 1758 796 1788 ut
808 1763 872 1788 me
889 1762 967 1788 non
987 1751 1111 1788 solum
1126 1750 1255 1788 omnia
1272 1749 1339 1788 de-

217 1805 306 1842 bere
325 1804 394 1841 1113
412 1804 538 1850 causa,
559 1804 624 1842 sed
647 1818 691 1842 ea
721 1817 888 1856 quoque,
909 1803 1024 1841 etiam
1043 1817 1130 1856 quae
1154 1816 1231 1842 non
1249 1816 1338 1856 pos-

222 1858 309 1905 sim,
334 1865 479 1909 putem.
508 1858 615 1895 Illud
643 1866 773 1896 tamen
798 1858 858 1896 vel
882 1865 926 1895 tu
955 1870 1018 1896 me
1042 1858 1250 1906 monuisse,
1276 1857 1338 1896 vel

218 1911 406 1949 censuisse
424 1919 531 1962 puta,
553 1912 612 1948 vel
631 1919 784 1962 propter
800 1911 1103 1949 benevolentiam
1121 1919 1243 1950 tacere
1260 1922 1338 1949 non

220 1965 412 2015 potuisse;
442 1973 499 2012 ut,
521 1965 624 2015 quod
643 1978 712 2016 ego
730 1965 841 2013 facio,
858 1973 901 2002 tu
920 1978 1073 2016 quoque
1090 1965 1264 2003 animum
1278 1965 1338 2002 in-

221 2018 337 2057 ducas
351 2033 360 2056 :
392 2018 425 2056 si
442 2018 490 2056 sit
508 2019 637 2069 aliqua
650 2019 878 2070 respublica,
891 2019 932 2056 in
944 2020 990 2057 ea
1003 2027 1042 2057 te
1060 2031 1139 2058 esse
1151 2017 1337 2070 oportere,

217 2072 363 2120 judicio
381 2072 584 2110 hominum
602 2085 718 2124 reque
736 2073 962 2124 principem,
975 2072 1194 2111 necessitate
1205 2072 1340 2111 ceden-

220 2134 301 2164 tem
321 2126 506 2176 tempori:
537 2125 595 2163 sin
607 2134 738 2164 autem
756 2127 865 2164 nulla
876 2126 938 2175 sit,
950 2126 1055 2165 hunc
1073 2132 1202 2165 tamen
1221 2125 1338 2178 aptis-

225 2179 368 2217 simum
400 2192 479 2218 esse
502 2179 617 2218 etiam
647 2179 696 2218 ad
719 2179 974 2219 exsulandum
1006 2181 1148 2220 locum.
1177 2179 1220 2220 Si
1241 2179 1343 2218 enim
