1481 2422
347 79 431 119 AD
459 79 759 121 DIVERSOS.
791 81 892 121 1113.
922 81 1025 121 XII.
1055 83 1095 122 9.
1207 81 1286 126 367

160 201 317 230 omnem
339 188 381 227 in
400 187 457 227 D.
477 188 604 227 Bruto
623 196 661 228 et
689 188 836 229 Planco
853 190 1068 237 habemus;
1099 189 1131 229 si
1161 202 1296 229 verum

161 243 316 297 quaeris,
335 243 378 282 in
396 250 435 282 te
454 250 491 282 et
509 243 550 281 in
569 256 656 282 meo
669 245 811 295 Bruto,
831 257 909 284 non
929 246 1053 284 solum
1068 244 1117 283 ad
1129 257 1297 296 praesens

163 298 400 351 perfugium,
421 298 453 336 si
482 297 605 350 (quod
630 299 770 347 nolim)
799 299 948 338 adversi
978 299 1074 351 quid
1105 298 1297 347 acciderit,

165 353 232 392 sed
251 352 367 391 etiam
387 352 436 390 ad
455 353 785 391 confirmationem
803 362 998 405 perpetuae
1017 353 1216 392 libertatis.

225 407 311 446 Nos
329 407 395 445 hic
407 407 455 445 de
470 406 679 446 Dolabella
697 408 966 455 audiebamus,
988 421 1076 460 quae
1095 408 1302 446 vellemus:

166 461 236 501 sed
265 468 386 500 certos
415 468 588 500 auctores
626 474 706 500 non
742 463 994 502 habebamus.
1043 463 1105 501 Te
1143 462 1302 514 quidem

166 529 354 568 magnum
382 515 597 564 hominem,
629 524 669 555 et
696 517 877 568 praesenti
903 516 1064 567 judicio,
1097 523 1134 555 et
1162 516 1302 568 reliqui

167 570 354 623 temporis
373 570 669 622 exspectatione,
690 572 785 610 scito
804 585 896 611 esse.
924 571 1013 610 Hoc
1038 571 1111 609 tibi
1129 571 1302 622 proposi-

168 633 224 674 to,
248 626 308 664 fac
326 632 372 663 ut
395 625 446 663 ad
465 637 620 664 summa
641 626 861 667 contendas.
906 625 1021 664 Nihil
1050 632 1107 664 est
1136 632 1304 673 tantum,

170 680 276 732 quod
294 692 373 718 non
392 680 561 731 populus
580 680 786 720 Romanus
814 694 838 720 a
864 688 902 720 te
920 680 1053 733 perfici
1071 686 1189 732 atque
1206 679 1307 719 obti-

172 734 256 784 neri
273 746 386 787 posse
400 733 559 785 judicet.
589 734 703 774 Vale.

337 897 424 952 (9.)
456 897 518 938 M.
535 897 586 937 T.
600 897 646 938 C.
677 897 722 938 C.
744 897 945 946 CASSIO
974 899 1014 939 S.
1031 898 1079 937 P.
1101 898 1155 937 D.

179 1032 181 1034 -
237 1004 798 1059 (Argunaentum..-Eadem
835 1006 979 1055 scribit,
1021 1019 1109 1058 quae
1147 1004 1308 1058 epistola

169 1061 388 1154 supegplre:
421 1060 542 1110 addit,
561 1061 735 1100 multum
763 1060 959 1111 interesse,
980 1060 1159 1100 Cassium
1179 1059 1308 1099 venire

174 1116 217 1154 in
237 1117 258 1154 I
317 1116 426 1164 'am.)

183 1237 187 1242 ·
230 1226 408 1264 Brevitas
427 1232 584 1264 tuarum
603 1225 803 1264 literarum
830 1238 896 1264 me
923 1237 1078 1278 quoque
1095 1224 1310 1264 breviorem

176 1280 219 1318 in
240 1280 439 1319 scribendo
466 1281 583 1319 facit:
615 1288 666 1329 et,
690 1293 777 1319 vere
804 1288 850 1318 ut
877 1280 1018 1329 dicam,
1039 1292 1117 1318 non
1146 1279 1235 1318 satis
1253 1292 1316 1318 oc·

177 1334 311 1383 currit,
333 1335 428 1386 quid
447 1335 622 1373 scribam.
653 1335 693 1373 N
697 1341 816 1373 ostras
839 1334 943 1372 enim
962 1348 1022 1373 res
1040 1334 1081 1372 in
1100 1333 1211 1374 Actis
1230 1347 1318 1385 per-

181 1389 273 1428 ferri
291 1389 341 1427 ad
359 1396 398 1428 te
415 1396 517 1428 certo
536 1389 637 1435 scio;
668 1397 754 1428 tuas
774 1396 904 1428 autem
924 1389 1162 1439 ignoramus.
1193 1389 1318 1427 Tam-

186 1456 308 1496 quam
327 1444 431 1482 enim
451 1445 579 1483 clausa
598 1444 647 1482 sit
665 1444 778 1492 Asia,
793 1443 846 1482 sic
857 1443 956 1481 nihil
969 1442 1161 1496 perfertur
1174 1442 1224 1480 ad
1235 1455 1320 1491 nos,

185 1505 325 1550 praeter
357 1511 530 1537 rumores
560 1498 609 1538 de
638 1511 819 1550 oppresso
849 1496 1069 1546 Dolabella,
1109 1496 1198 1536 satis
1235 1497 1321 1537 illos

187 1552 348 1605 quidem
363 1560 590 1601 constantes,
611 1553 678 1592 sed
696 1552 824 1591 adhuc
842 1552 923 1591 sine
941 1559 1107 1591 auctore.

243 1607 344 1655 Nos,
365 1607 582 1646 confectum
600 1608 751 1646 bellum
776 1619 866 1646 cum
891 1613 1133 1659 putaremus,
1163 1614 1320 1659 repente

190 1674 214 1700 a
228 1661 379 1713 Lepido
396 1668 465 1700 tuo
483 1662 524 1699 in
543 1674 739 1700 summam
762 1661 1060 1700 sollicitudinem
1079 1661 1236 1700 adducti
1255 1676 1321 1700 su-

189 1729 291 1755 mus.
341 1716 480 1768 Itaque
515 1716 703 1768 persuade
732 1715 817 1764 tibi,
848 1715 1065 1754 maximam
1101 1715 1323 1767 reipublicae

183 1784 301 1823 spem
319 1770 361 1807 in
380 1778 418 1809 te
437 1778 475 1809 et
492 1770 533 1808 in
552 1771 630 1809 tuis
653 1770 771 1822 copiis
786 1783 876 1809 esse.
907 1770 1061 1808 Firmos
1080 1770 1238 1809 omnino
1257 1784 1325 1809 ex-

182 1825 332 1864 »ercitus
363 1825 579 1864 habemus:
610 1825 676 1864 sed
700 1832 846 1871 tamen,
878 1831 924 1863 ut
952 1825 1098 1873 omnia,
1124 1831 1170 1863 ut
1198 1838 1323 1876 spero,

192 1892 375 1932 prospere
392 1879 613 1931 procedant,
634 1879 807 1917 multum
825 1879 982 1918 interest
999 1887 1037 1918 te
1056 1879 1196 1918 venire.
1224 1879 1325 1918 Exi-

193 1947 272 1985 gua
286 1934 390 1972 enim
409 1947 494 1985 spes
509 1942 565 1973 est
583 1933 828 1986 reipublicae3
858 1946 951 1973 nam
969 1934 1121 1971 nullam
1133 1945 1211 1972 non
1229 1934 1325 1973 libet

191 1988 341 2026 dicere:
372 1988 453 2037 sed,
484 2002 740 2042 quaecumque
768 1996 838 2039 est,
868 2002 913 2029 ea
938 1987 1195 2041 despondetur
1221 2001 1326 2036 anno

192 2043 414 2082 consulatus
433 2043 504 2083 tui.
533 2044 572 2083 V
573 2043 646 2083 ale.
