<?xml version="1.0" encoding="UTF-8"?>
<!DOCTYPE html PUBLIC "-//W3C//DTD XHTML 1.0 Transitional//EN"
    "http://www.w3.org/TR/xhtml1/DTD/xhtml1-transitional.dtd">
<html xmlns="http://www.w3.org/1999/xhtml" xml:lang="en" lang="en">
 <head>
  <title>
</title>
<meta http-equiv="Content-Type" content="text/html;charset=utf-8" />
  <meta name='ocr-system' content='tesseract 3.04.00' />
  <meta name='ocr-capabilities' content='ocr_page ocr_carea ocr_par ocr_line ocrx_word'/>
</head>
<body>
  <div class='ocr_page' id='page_1' title='image "./operaern09ciceuoft_0295.png"; bbox 0 0 1481 2422; ppageno 0'>
   <div class='ocr_carea' id='block_1_1' title="bbox 299 96 1214 139">
    <p class='ocr_par' dir='ltr' id='par_1_1' title="bbox 299 96 1214 139">
     <span class='ocr_line' id='line_1_1' title="bbox 299 96 1214 139; baseline 0 -3"><span class='ocrx_word' id='word_1_1' title='bbox 299 97 385 137; x_wconf 89' lang='lat' dir='ltr'><strong>AD</strong></span> <span class='ocrx_word' id='word_1_2' title='bbox 412 96 716 139; x_wconf 88' lang='lat' dir='ltr'><strong>DIVERSOS.</strong></span> <span class='ocrx_word' id='word_1_3' title='bbox 746 98 847 137; x_wconf 65' lang='lat'><strong>1113.</strong></span> <span class='ocrx_word' id='word_1_4' title='bbox 869 97 923 137; x_wconf 89' lang='lat' dir='ltr'><strong>X.</strong></span> <span class='ocrx_word' id='word_1_5' title='bbox 955 96 994 133; x_wconf 81' lang='lat'><strong>2.</strong></span> <span class='ocrx_word' id='word_1_6' title='bbox 1137 97 1214 136; x_wconf 81' lang='lat'><strong>281</strong></span> 
     </span>
    </p>
   </div>
   <div class='ocr_carea' id='block_1_2' title="bbox 85 206 1234 1464">
    <p class='ocr_par' dir='ltr' id='par_1_2' title="bbox 85 206 1221 315">
     <span class='ocr_line' id='line_1_2' title="bbox 85 206 1221 260; baseline -0.002 -12"><span class='ocrx_word' id='word_1_7' title='bbox 85 206 203 248; x_wconf 79' lang='lat' dir='ltr'><strong>habet</strong></span> <span class='ocrx_word' id='word_1_8' title='bbox 218 206 369 254; x_wconf 81' lang='lat' dir='ltr'><strong>ullam3</strong></span> <span class='ocrx_word' id='word_1_9' title='bbox 398 219 470 246; x_wconf 87' lang='lat' dir='ltr'><strong>nec</strong></span> <span class='ocrx_word' id='word_1_10' title='bbox 489 207 594 259; x_wconf 61' lang='lat' dir='ltr'><strong>leges</strong></span> <span class='ocrx_word' id='word_1_11' title='bbox 619 208 712 246; x_wconf 88' lang='lat' dir='ltr'><strong>ullae</strong></span> <span class='ocrx_word' id='word_1_12' title='bbox 739 214 844 256; x_wconf 88' lang='lat' dir='ltr'><strong>sunt,</strong></span> <span class='ocrx_word' id='word_1_13' title='bbox 869 219 940 246; x_wconf 88' lang='lat' dir='ltr'><strong>nec</strong></span> <span class='ocrx_word' id='word_1_14' title='bbox 963 206 1123 260; x_wconf 85' lang='lat' dir='ltr'><strong>judicia,</strong></span> <span class='ocrx_word' id='word_1_15' title='bbox 1150 218 1221 246; x_wconf 89' lang='lat' dir='ltr'><strong>nec</strong></span> 
     </span>
     <span class='ocr_line' id='line_1_3' title="bbox 86 261 1173 315; baseline -0.003 -12"><span class='ocrx_word' id='word_1_16' title='bbox 86 261 246 303; x_wconf 88' lang='lat' dir='ltr'><strong>omnino</strong></span> <span class='ocrx_word' id='word_1_17' title='bbox 263 261 516 300; x_wconf 85' lang='lat' dir='ltr'><strong>simulacrum</strong></span> <span class='ocrx_word' id='word_1_18' title='bbox 535 262 693 315; x_wconf 87' lang='lat' dir='ltr'>aliquod</span> <span class='ocrx_word' id='word_1_19' title='bbox 710 276 755 302; x_wconf 88' lang='lat' dir='ltr'><strong>ac</strong></span> <span class='ocrx_word' id='word_1_20' title='bbox 773 262 980 313; x_wconf 86' lang='lat' dir='ltr'><strong>vestigium</strong></span> <span class='ocrx_word' id='word_1_21' title='bbox 1000 261 1173 301; x_wconf 82' lang='lat' dir='ltr'><strong>civitatis.</strong></span> 
     </span>
    </p>

    <p class='ocr_par' dir='ltr' id='par_1_3' title="bbox 86 315 1232 1188">
     <span class='ocr_line' id='line_1_4' title="bbox 141 315 1219 369; baseline -0.003 -13"><span class='ocrx_word' id='word_1_22' title='bbox 141 316 233 365; x_wconf 80' lang='lat' dir='ltr'><strong>Sed,</strong></span> <span class='ocrx_word' id='word_1_23' title='bbox 264 315 421 369; x_wconf 91' lang='lat' dir='ltr'><strong>quando</strong></span> <span class='ocrx_word' id='word_1_24' title='bbox 451 324 535 355; x_wconf 84' lang='lat' dir='ltr'><strong>acta</strong></span> <span class='ocrx_word' id='word_1_25' title='bbox 564 317 697 356; x_wconf 87' lang='lat' dir='ltr'><strong>omnia</strong></span> <span class='ocrx_word' id='word_1_26' title='bbox 723 317 828 356; x_wconf 86' lang='lat' dir='ltr'><strong>mitti</strong></span> <span class='ocrx_word' id='word_1_27' title='bbox 855 316 906 355; x_wconf 88' lang='lat' dir='ltr'><strong>ad</strong></span> <span class='ocrx_word' id='word_1_28' title='bbox 931 326 968 357; x_wconf 89' lang='lat' dir='ltr'><strong>te</strong></span> <span class='ocrx_word' id='word_1_29' title='bbox 992 317 1219 364; x_wconf 87' lang='lat' dir='ltr'><strong>arbitrabar,</strong></span> 
     </span>
     <span class='ocr_line' id='line_1_5' title="bbox 87 370 1223 424; baseline -0.001 -15"><span class='ocrx_word' id='word_1_30' title='bbox 87 371 187 410; x_wconf 89' lang='lat' dir='ltr'><strong>nihil</strong></span> <span class='ocrx_word' id='word_1_31' title='bbox 212 378 306 419; x_wconf 87' lang='lat' dir='ltr'><strong>erat,</strong></span> <span class='ocrx_word' id='word_1_32' title='bbox 335 370 440 424; x_wconf 91' lang='lat' dir='ltr'><strong>quod</strong></span> <span class='ocrx_word' id='word_1_33' title='bbox 468 372 630 423; x_wconf 86' lang='lat' dir='ltr'><strong>singulis</strong></span> <span class='ocrx_word' id='word_1_34' title='bbox 655 372 703 411; x_wconf 89' lang='lat' dir='ltr'><strong>de</strong></span> <span class='ocrx_word' id='word_1_35' title='bbox 729 374 843 411; x_wconf 90' lang='lat' dir='ltr'><strong>rebus</strong></span> <span class='ocrx_word' id='word_1_36' title='bbox 867 374 1082 411; x_wconf 85' lang='lat' dir='ltr'>scriberem.</span> <span class='ocrx_word' id='word_1_37' title='bbox 1114 370 1223 408; x_wconf 89' lang='lat' dir='ltr'><strong>Illud</strong></span> 
     </span>
     <span class='ocr_line' id='line_1_6' title="bbox 88 425 1224 479; baseline -0.002 -15"><span class='ocrx_word' id='word_1_38' title='bbox 88 434 220 465; x_wconf 87' lang='lat' dir='ltr'><strong>autem</strong></span> <span class='ocrx_word' id='word_1_39' title='bbox 239 433 320 464; x_wconf 91' lang='lat' dir='ltr'><strong>erat</strong></span> <span class='ocrx_word' id='word_1_40' title='bbox 338 426 479 465; x_wconf 87' lang='lat' dir='ltr'><strong>amoris</strong></span> <span class='ocrx_word' id='word_1_41' title='bbox 496 426 589 475; x_wconf 90' lang='lat' dir='ltr'><strong>mei,</strong></span> <span class='ocrx_word' id='word_1_42' title='bbox 619 430 769 479; x_wconf 81' lang='lat' dir='ltr'><strong>(quem,</strong></span> <span class='ocrx_word' id='word_1_43' title='bbox 798 440 821 465; x_wconf 87' lang='lat' dir='ltr'><strong>a</strong></span> <span class='ocrx_word' id='word_1_44' title='bbox 846 426 918 465; x_wconf 64' lang='lat' dir='ltr'><strong>tua</strong></span> <span class='ocrx_word' id='word_1_45' title='bbox 946 425 1112 479; x_wconf 61' lang='lat' dir='ltr'><strong>pueritia</strong></span> <span class='ocrx_word' id='word_1_46' title='bbox 1139 438 1224 463; x_wconf 59' lang='lat' dir='ltr'><strong>susa</strong></span> 
     </span>
     <span class='ocr_line' id='line_1_7' title="bbox 89 480 1225 533; baseline -0.003 -13"><span class='ocrx_word' id='word_1_47' title='bbox 89 488 260 533; x_wconf 89' lang='lat' dir='ltr'><strong>ceptum,</strong></span> <span class='ocrx_word' id='word_1_48' title='bbox 281 493 359 519; x_wconf 92' lang='lat' dir='ltr'><strong>non</strong></span> <span class='ocrx_word' id='word_1_49' title='bbox 379 480 526 519; x_wconf 87' lang='lat' dir='ltr'>servavi</span> <span class='ocrx_word' id='word_1_50' title='bbox 546 482 687 531; x_wconf 86' lang='lat' dir='ltr'><strong>solum,</strong></span> <span class='ocrx_word' id='word_1_51' title='bbox 713 481 779 520; x_wconf 88' lang='lat' dir='ltr'><strong>sed</strong></span> <span class='ocrx_word' id='word_1_52' title='bbox 802 481 916 519; x_wconf 88' lang='lat' dir='ltr'><strong>etiam</strong></span> <span class='ocrx_word' id='word_1_53' title='bbox 938 481 1047 528; x_wconf 81' lang='lat' dir='ltr'><strong>auxi)</strong></span> <span class='ocrx_word' id='word_1_54' title='bbox 1068 491 1225 518; x_wconf 90' lang='lat' dir='ltr'><strong>monere</strong></span> 
     </span>
     <span class='ocr_line' id='line_1_8' title="bbox 86 534 1227 599; baseline -0.004 -24"><span class='ocrx_word' id='word_1_55' title='bbox 86 542 125 575; x_wconf 84' lang='lat' dir='ltr'><strong>te</strong></span> <span class='ocrx_word' id='word_1_56' title='bbox 143 542 260 587; x_wconf 88' lang='lat' dir='ltr'><strong>atque</strong></span> <span class='ocrx_word' id='word_1_57' title='bbox 277 535 437 583; x_wconf 89' lang='lat' dir='ltr'><strong>hortari,</strong></span> <span class='ocrx_word' id='word_1_58' title='bbox 453 543 497 574; x_wconf 89' lang='lat' dir='ltr'><strong>ut</strong></span> <span class='ocrx_word' id='word_1_59' title='bbox 516 535 557 573; x_wconf 90' lang='lat' dir='ltr'><strong>in</strong></span> <span class='ocrx_word' id='word_1_60' title='bbox 568 536 850 599; x_wconf 85' lang='lat' dir='ltr'><strong>rempublicam</strong></span> <span class='ocrx_word' id='word_1_61' title='bbox 869 537 977 574; x_wconf 91' lang='lat' dir='ltr'><strong>omni</strong></span> <span class='ocrx_word' id='word_1_62' title='bbox 997 534 1227 587; x_wconf 83' lang='lat' dir='ltr'><strong>cogitatione</strong></span> 
     </span>
     <span class='ocr_line' id='line_1_9' title="bbox 89 590 1227 642; baseline -0.002 -14"><span class='ocrx_word' id='word_1_63' title='bbox 89 590 259 642; x_wconf 74' lang='lat' dir='ltr'><strong>miraque</strong></span> <span class='ocrx_word' id='word_1_64' title='bbox 284 590 540 629; x_wconf 87' lang='lat' dir='ltr'><strong>incumberes.</strong></span> <span class='ocrx_word' id='word_1_65' title='bbox 571 590 674 639; x_wconf 86' lang='lat' dir='ltr'><strong>Quae</strong></span> <span class='ocrx_word' id='word_1_66' title='bbox 699 591 732 629; x_wconf 89' lang='lat' dir='ltr'><strong>si</strong></span> <span class='ocrx_word' id='word_1_67' title='bbox 760 590 810 629; x_wconf 91' lang='lat' dir='ltr'><strong>ad</strong></span> <span class='ocrx_word' id='word_1_68' title='bbox 832 598 947 629; x_wconf 87' lang='lat' dir='ltr'><strong>tuum</strong></span> <span class='ocrx_word' id='word_1_69' title='bbox 967 599 1120 642; x_wconf 86' lang='lat' dir='ltr'><strong>tempus</strong></span> <span class='ocrx_word' id='word_1_70' title='bbox 1139 601 1227 640; x_wconf 88' lang='lat' dir='ltr'><strong>per-</strong></span> 
     </span>
     <span class='ocr_line' id='line_1_10' title="bbox 90 643 1226 707; baseline -0.002 -25"><span class='ocrx_word' id='word_1_71' title='bbox 90 643 257 689; x_wconf 82' lang='lat' dir='ltr'><strong>ducitur,</strong></span> <span class='ocrx_word' id='word_1_72' title='bbox 278 644 401 684; x_wconf 87' lang='lat' dir='ltr'><strong>facilis</strong></span> <span class='ocrx_word' id='word_1_73' title='bbox 419 646 647 696; x_wconf 88' lang='lat' dir='ltr'><strong>gubernatio</strong></span> <span class='ocrx_word' id='word_1_74' title='bbox 663 654 742 685; x_wconf 86' lang='lat' dir='ltr'><strong>est:</strong></span> <span class='ocrx_word' id='word_1_75' title='bbox 774 653 819 683; x_wconf 93' lang='lat' dir='ltr'><strong>ut</strong></span> <span class='ocrx_word' id='word_1_76' title='bbox 829 645 1060 707; x_wconf 84' lang='lat' dir='ltr'><strong>perducatur</strong></span> <span class='ocrx_word' id='word_1_77' title='bbox 1079 652 1226 690; x_wconf 89' lang='lat' dir='ltr'><strong>autem,</strong></span> 
     </span>
     <span class='ocr_line' id='line_1_11' title="bbox 89 697 1227 751; baseline -0.002 -13"><span class='ocrx_word' id='word_1_78' title='bbox 89 711 244 751; x_wconf 86' lang='lat' dir='ltr'><strong>magnae</strong></span> <span class='ocrx_word' id='word_1_79' title='bbox 263 712 352 738; x_wconf 87' lang='lat' dir='ltr'><strong>cum</strong></span> <span class='ocrx_word' id='word_1_80' title='bbox 378 699 588 751; x_wconf 86' lang='lat' dir='ltr'><strong>diligentiae</strong></span> <span class='ocrx_word' id='word_1_81' title='bbox 607 708 676 749; x_wconf 90' lang='lat' dir='ltr'><strong>est,</strong></span> <span class='ocrx_word' id='word_1_82' title='bbox 697 708 784 739; x_wconf 91' lang='lat' dir='ltr'><strong>tum</strong></span> <span class='ocrx_word' id='word_1_83' title='bbox 804 700 920 738; x_wconf 88' lang='lat' dir='ltr'><strong>etiam</strong></span> <span class='ocrx_word' id='word_1_84' title='bbox 939 700 1119 739; x_wconf 88' lang='lat' dir='ltr'><strong>fortunae.</strong></span> <span class='ocrx_word' id='word_1_85' title='bbox 1149 697 1227 737; x_wconf 82' lang='lat' dir='ltr'><strong>Sed</strong></span> 
     </span>
     <span class='ocr_line' id='line_1_12' title="bbox 92 754 1228 807; baseline -0.002 -15"><span class='ocrx_word' id='word_1_86' title='bbox 92 762 130 793; x_wconf 90' lang='lat' dir='ltr'><strong>et</strong></span> <span class='ocrx_word' id='word_1_87' title='bbox 150 762 187 792; x_wconf 87' lang='lat' dir='ltr'><strong>te</strong></span> <span class='ocrx_word' id='word_1_88' title='bbox 205 754 404 806; x_wconf 87' lang='lat' dir='ltr'><strong>aliquanto</strong></span> <span class='ocrx_word' id='word_1_89' title='bbox 423 762 526 801; x_wconf 87' lang='lat' dir='ltr'><strong>ante,</strong></span> <span class='ocrx_word' id='word_1_90' title='bbox 547 762 592 792; x_wconf 91' lang='lat' dir='ltr'><strong>ut</strong></span> <span class='ocrx_word' id='word_1_91' title='bbox 618 768 741 807; x_wconf 90' lang='lat' dir='ltr'><strong>spero,</strong></span> <span class='ocrx_word' id='word_1_92' title='bbox 765 754 1022 800; x_wconf 78' lang='lat' dir='ltr'><strong>habebimus3</strong></span> <span class='ocrx_word' id='word_1_93' title='bbox 1052 762 1103 802; x_wconf 91' lang='lat' dir='ltr'><strong>et,</strong></span> <span class='ocrx_word' id='word_1_94' title='bbox 1127 766 1228 804; x_wconf 87' lang='lat' dir='ltr'><strong>prae-</strong></span> 
     </span>
     <span class='ocr_line' id='line_1_13' title="bbox 93 808 1230 861; baseline -0.003 -13"><span class='ocrx_word' id='word_1_95' title='bbox 93 815 271 860; x_wconf 82' lang='lat' dir='ltr'><strong>terquam</strong></span> <span class='ocrx_word' id='word_1_96' title='bbox 291 808 396 861; x_wconf 91' lang='lat' dir='ltr'><strong>quod</strong></span> <span class='ocrx_word' id='word_1_97' title='bbox 411 809 632 860; x_wconf 85' lang='lat' dir='ltr'><strong>reipublicae</strong></span> <span class='ocrx_word' id='word_1_98' title='bbox 657 809 854 848; x_wconf 89' lang='lat' dir='ltr'><strong>consulere</strong></span> <span class='ocrx_word' id='word_1_99' title='bbox 879 809 1078 856; x_wconf 77' lang='lat' dir='ltr'><strong>debemus,</strong></span> <span class='ocrx_word' id='word_1_100' title='bbox 1099 816 1230 846; x_wconf 86' lang='lat' dir='ltr'><strong>tamen</strong></span> 
     </span>
     <span class='ocr_line' id='line_1_14' title="bbox 90 861 1230 915; baseline -0.001 -14"><span class='ocrx_word' id='word_1_101' title='bbox 90 870 169 901; x_wconf 88' lang='lat' dir='ltr'><strong>tuae</strong></span> <span class='ocrx_word' id='word_1_102' title='bbox 198 863 378 915; x_wconf 86' lang='lat' dir='ltr'><strong>dignitati</strong></span> <span class='ocrx_word' id='word_1_103' title='bbox 403 863 457 901; x_wconf 90' lang='lat' dir='ltr'><strong>ita</strong></span> <span class='ocrx_word' id='word_1_104' title='bbox 479 863 669 913; x_wconf 85' lang='lat' dir='ltr'><strong>favemus,</strong></span> <span class='ocrx_word' id='word_1_105' title='bbox 690 872 735 902; x_wconf 93' lang='lat' dir='ltr'><strong>ut</strong></span> <span class='ocrx_word' id='word_1_106' title='bbox 758 876 873 902; x_wconf 89' lang='lat' dir='ltr'><strong>omne</strong></span> <span class='ocrx_word' id='word_1_107' title='bbox 902 871 1077 902; x_wconf 88' lang='lat' dir='ltr'><strong>nostrum</strong></span> <span class='ocrx_word' id='word_1_108' title='bbox 1107 861 1230 901; x_wconf 90' lang='lat' dir='ltr'><strong>consi-</strong></span> 
     </span>
     <span class='ocr_line' id='line_1_15' title="bbox 93 917 1230 971; baseline -0.002 -15"><span class='ocrx_word' id='word_1_109' title='bbox 93 917 208 967; x_wconf 89' lang='lat' dir='ltr'><strong>lium,</strong></span> <span class='ocrx_word' id='word_1_110' title='bbox 229 918 418 965; x_wconf 89' lang='lat' dir='ltr'><strong>studium,</strong></span> <span class='ocrx_word' id='word_1_111' title='bbox 439 917 623 966; x_wconf 87' lang='lat' dir='ltr'><strong>officium,</strong></span> <span class='ocrx_word' id='word_1_112' title='bbox 654 931 828 971; x_wconf 81' lang='lat' dir='ltr'><strong>operam,</strong></span> <span class='ocrx_word' id='word_1_113' title='bbox 851 919 1038 967; x_wconf 88' lang='lat' dir='ltr'><strong>laborem,</strong></span> <span class='ocrx_word' id='word_1_114' title='bbox 1065 917 1230 968; x_wconf 87' lang='lat' dir='ltr'><strong>diligen-</strong></span> 
     </span>
     <span class='ocr_line' id='line_1_16' title="bbox 93 971 1232 1024; baseline 0 -14"><span class='ocrx_word' id='word_1_115' title='bbox 93 972 205 1021; x_wconf 86' lang='lat' dir='ltr'><strong>tiam,</strong></span> <span class='ocrx_word' id='word_1_116' title='bbox 226 972 276 1011; x_wconf 89' lang='lat' dir='ltr'><strong>ad</strong></span> <span class='ocrx_word' id='word_1_117' title='bbox 295 972 593 1024; x_wconf 87' lang='lat' dir='ltr'><strong>amplitudinem</strong></span> <span class='ocrx_word' id='word_1_118' title='bbox 613 981 721 1011; x_wconf 88' lang='lat' dir='ltr'><strong>tuam</strong></span> <span class='ocrx_word' id='word_1_119' title='bbox 748 973 1002 1012; x_wconf 86' lang='lat' dir='ltr'><strong>conferamus.</strong></span> <span class='ocrx_word' id='word_1_120' title='bbox 1040 972 1103 1011; x_wconf 91' lang='lat' dir='ltr'><strong>Ita</strong></span> <span class='ocrx_word' id='word_1_121' title='bbox 1122 971 1232 1010; x_wconf 83' lang='lat' dir='ltr'><strong>facil-</strong></span> 
     </span>
     <span class='ocr_line' id='line_1_17' title="bbox 92 1025 1232 1079; baseline -0.001 -14"><span class='ocrx_word' id='word_1_122' title='bbox 92 1027 189 1066; x_wconf 87' lang='lat' dir='ltr'><strong>lime</strong></span> <span class='ocrx_word' id='word_1_123' title='bbox 208 1035 246 1066; x_wconf 92' lang='lat' dir='ltr'><strong>et</strong></span> <span class='ocrx_word' id='word_1_124' title='bbox 263 1027 498 1079; x_wconf 86' lang='lat' dir='ltr'><strong>reipublicae,</strong></span> <span class='ocrx_word' id='word_1_125' title='bbox 520 1041 607 1079; x_wconf 87' lang='lat' dir='ltr'><strong>quae</strong></span> <span class='ocrx_word' id='word_1_126' title='bbox 633 1028 732 1066; x_wconf 87' lang='lat' dir='ltr'><strong>mihi</strong></span> <span class='ocrx_word' id='word_1_127' title='bbox 758 1027 953 1066; x_wconf 86' lang='lat' dir='ltr'><strong>carissima</strong></span> <span class='ocrx_word' id='word_1_128' title='bbox 980 1034 1051 1072; x_wconf 85' lang='lat' dir='ltr'><strong>est,</strong></span> <span class='ocrx_word' id='word_1_129' title='bbox 1077 1034 1114 1065; x_wconf 92' lang='lat' dir='ltr'><strong>et</strong></span> <span class='ocrx_word' id='word_1_130' title='bbox 1133 1025 1232 1064; x_wconf 88' lang='lat' dir='ltr'><strong>ami-</strong></span> 
     </span>
     <span class='ocr_line' id='line_1_18' title="bbox 92 1081 1229 1134; baseline -0.001 -14"><span class='ocrx_word' id='word_1_131' title='bbox 92 1081 192 1120; x_wconf 80' lang='lat' dir='ltr'><strong>citiae</strong></span> <span class='ocrx_word' id='word_1_132' title='bbox 211 1090 365 1131; x_wconf 87' lang='lat' dir='ltr'><strong>nostrae,</strong></span> <span class='ocrx_word' id='word_1_133' title='bbox 385 1095 505 1134; x_wconf 86' lang='lat' dir='ltr'><strong>quam</strong></span> <span class='ocrx_word' id='word_1_134' title='bbox 524 1082 760 1121; x_wconf 78' lang='lat' dir='ltr'><strong>sanctissime</strong></span> <span class='ocrx_word' id='word_1_135' title='bbox 778 1082 889 1121; x_wconf 92' lang='lat' dir='ltr'><strong>nobis</strong></span> <span class='ocrx_word' id='word_1_136' title='bbox 902 1082 1102 1122; x_wconf 84' lang='lat' dir='ltr'><strong>colendam</strong></span> <span class='ocrx_word' id='word_1_137' title='bbox 1117 1089 1229 1134; x_wconf 88' lang='lat' dir='ltr'><strong>puto,</strong></span> 
     </span>
     <span class='ocr_line' id='line_1_19' title="bbox 94 1136 671 1188; baseline -0.002 -13"><span class='ocrx_word' id='word_1_138' title='bbox 94 1149 159 1175; x_wconf 87' lang='lat' dir='ltr'><strong>me</strong></span> <span class='ocrx_word' id='word_1_139' title='bbox 177 1136 352 1188; x_wconf 87' lang='lat' dir='ltr'><strong>intelligo</strong></span> <span class='ocrx_word' id='word_1_140' title='bbox 371 1136 671 1175; x_wconf 82' lang='lat' dir='ltr'><strong>satisfacturum.</strong></span> 
     </span>
    </p>

    <p class='ocr_par' dir='ltr' id='par_1_4' title="bbox 93 1189 1234 1464">
     <span class='ocr_line' id='line_1_20' title="bbox 151 1189 1232 1244; baseline -0.003 -13"><span class='ocrx_word' id='word_1_141' title='bbox 151 1191 345 1231; x_wconf 88' lang='lat' dir='ltr'><strong>Furnium</strong></span> <span class='ocrx_word' id='word_1_142' title='bbox 370 1199 547 1230; x_wconf 88' lang='lat' dir='ltr'><strong>nostrum</strong></span> <span class='ocrx_word' id='word_1_143' title='bbox 567 1192 665 1230; x_wconf 91' lang='lat' dir='ltr'><strong>tanti</strong></span> <span class='ocrx_word' id='word_1_144' title='bbox 683 1205 707 1231; x_wconf 89' lang='lat' dir='ltr'><strong>a</strong></span> <span class='ocrx_word' id='word_1_145' title='bbox 725 1198 763 1231; x_wconf 90' lang='lat' dir='ltr'><strong>te</strong></span> <span class='ocrx_word' id='word_1_146' title='bbox 782 1190 877 1240; x_wconf 89' lang='lat' dir='ltr'><strong>fieri,</strong></span> <span class='ocrx_word' id='word_1_147' title='bbox 898 1198 1090 1244; x_wconf 89' lang='lat' dir='ltr'><strong>quantum</strong></span> <span class='ocrx_word' id='word_1_148' title='bbox 1110 1189 1232 1243; x_wconf 87' lang='lat' dir='ltr'><strong>ipsius</strong></span> 
     </span>
     <span class='ocr_line' id='line_1_21' title="bbox 93 1245 1229 1308; baseline -0.002 -23"><span class='ocrx_word' id='word_1_149' title='bbox 93 1245 318 1285; x_wconf 88' lang='lat' dir='ltr'><strong>humanitas</strong></span> <span class='ocrx_word' id='word_1_150' title='bbox 336 1253 374 1284; x_wconf 89' lang='lat' dir='ltr'><strong>et</strong></span> <span class='ocrx_word' id='word_1_151' title='bbox 385 1245 560 1308; x_wconf 84' lang='lat' dir='ltr'><strong>dignitas</strong></span> <span class='ocrx_word' id='word_1_152' title='bbox 571 1247 755 1299; x_wconf 85' lang='lat' dir='ltr'><strong>postulat,</strong></span> <span class='ocrx_word' id='word_1_153' title='bbox 768 1259 838 1285; x_wconf 90' lang='lat' dir='ltr'><strong>nec</strong></span> <span class='ocrx_word' id='word_1_154' title='bbox 856 1246 988 1295; x_wconf 86' lang='lat' dir='ltr'><strong>miror,</strong></span> <span class='ocrx_word' id='word_1_155' title='bbox 1005 1254 1042 1285; x_wconf 89' lang='lat' dir='ltr'><strong>et</strong></span> <span class='ocrx_word' id='word_1_156' title='bbox 1053 1245 1229 1298; x_wconf 89' lang='lat' dir='ltr'><strong>gaudeo.</strong></span> 
     </span>
     <span class='ocr_line' id='line_1_22' title="bbox 94 1299 1234 1363; baseline -0.002 -23"><span class='ocrx_word' id='word_1_157' title='bbox 94 1308 211 1353; x_wconf 90' lang='lat' dir='ltr'><strong>teque</strong></span> <span class='ocrx_word' id='word_1_158' title='bbox 237 1300 311 1340; x_wconf 90' lang='lat' dir='ltr'><strong>hoc</strong></span> <span class='ocrx_word' id='word_1_159' title='bbox 332 1300 552 1340; x_wconf 80' lang='lat' dir='ltr'><strong>existimare</strong></span> <span class='ocrx_word' id='word_1_160' title='bbox 578 1301 679 1363; x_wconf 81' lang='lat' dir='ltr'><strong>volo,</strong></span> <span class='ocrx_word' id='word_1_161' title='bbox 707 1301 934 1354; x_wconf 90' lang='lat' dir='ltr'><strong>quidquid</strong></span> <span class='ocrx_word' id='word_1_162' title='bbox 924 1314 964 1339; x_wconf 92' lang='lat' dir='ltr'><strong>m</strong></span> <span class='ocrx_word' id='word_1_163' title='bbox 989 1313 1078 1340; x_wconf 90' lang='lat' dir='ltr'><strong>eum</strong></span> <span class='ocrx_word' id='word_1_164' title='bbox 1095 1299 1234 1350; x_wconf 86' lang='lat' dir='ltr'><strong>judicii</strong></span> 
     </span>
     <span class='ocr_line' id='line_1_23' title="bbox 96 1354 1231 1409; baseline -0.001 -15"><span class='ocrx_word' id='word_1_165' title='bbox 96 1356 289 1408; x_wconf 89' lang='lat' dir='ltr'><strong>officiique</strong></span> <span class='ocrx_word' id='word_1_166' title='bbox 307 1355 529 1404; x_wconf 84' lang='lat' dir='ltr'><strong>contuleris,</strong></span> <span class='ocrx_word' id='word_1_167' title='bbox 549 1355 590 1394; x_wconf 90' lang='lat' dir='ltr'><strong>id</strong></span> <span class='ocrx_word' id='word_1_168' title='bbox 609 1356 664 1395; x_wconf 82' lang='lat' dir='ltr'><strong>ita</strong></span> <span class='ocrx_word' id='word_1_169' title='bbox 680 1369 745 1395; x_wconf 91' lang='lat' dir='ltr'><strong>me</strong></span> <span class='ocrx_word' id='word_1_170' title='bbox 763 1356 946 1409; x_wconf 81' lang='lat' dir='ltr'><strong>accipere,</strong></span> <span class='ocrx_word' id='word_1_171' title='bbox 966 1363 1011 1394; x_wconf 91' lang='lat' dir='ltr'><strong>ut</strong></span> <span class='ocrx_word' id='word_1_172' title='bbox 1028 1355 1070 1394; x_wconf 91' lang='lat' dir='ltr'><strong>in</strong></span> <span class='ocrx_word' id='word_1_173' title='bbox 1088 1367 1153 1394; x_wconf 92' lang='lat' dir='ltr'><strong>me</strong></span> <span class='ocrx_word' id='word_1_174' title='bbox 1170 1354 1231 1407; x_wconf 87' lang='lat' dir='ltr'><strong>ip-</strong></span> 
     </span>
     <span class='ocr_line' id='line_1_24' title="bbox 94 1411 804 1464; baseline -0.001 -14"><span class='ocrx_word' id='word_1_175' title='bbox 94 1423 183 1450; x_wconf 89' lang='lat' dir='ltr'><strong>sum</strong></span> <span class='ocrx_word' id='word_1_176' title='bbox 202 1418 240 1450; x_wconf 90' lang='lat' dir='ltr'><strong>te</strong></span> <span class='ocrx_word' id='word_1_177' title='bbox 257 1418 394 1464; x_wconf 89' lang='lat' dir='ltr'><strong>putem</strong></span> <span class='ocrx_word' id='word_1_178' title='bbox 409 1411 629 1451; x_wconf 73' lang='lat' dir='ltr'><strong>contulisse.</strong></span> <span class='ocrx_word' id='word_1_179' title='bbox 687 1411 804 1451; x_wconf 87' lang='lat' dir='ltr'><strong>Vale.</strong></span> 
     </span>
    </p>
   </div>
   <div class='ocr_carea' id='block_1_3' title="bbox 326 1575 996 1626">
    <p class='ocr_par' dir='ltr' id='par_1_5' title="bbox 326 1575 996 1626">
     <span class='ocr_line' id='line_1_25' title="bbox 326 1575 996 1626; baseline -0.006 -8"><span class='ocrx_word' id='word_1_180' title='bbox 326 1578 412 1626; x_wconf 81' lang='lat'><strong>(2.)</strong></span> <span class='ocrx_word' id='word_1_181' title='bbox 441 1575 656 1616; x_wconf 88' lang='lat' dir='ltr'>CICERO</span> <span class='ocrx_word' id='word_1_182' title='bbox 687 1575 926 1617; x_wconf 85' lang='lat' dir='ltr'>PLANCO</span> <span class='ocrx_word' id='word_1_183' title='bbox 956 1577 996 1616; x_wconf 87' lang='lat' dir='ltr'><strong>S.</strong></span> 
     </span>
    </p>
   </div>
   <div class='ocr_carea' id='block_1_4' title="bbox 97 1686 1235 1850">
    <p class='ocr_par' dir='ltr' id='par_1_6' title="bbox 97 1686 1235 1850">
     <span class='ocr_line' id='line_1_26' title="bbox 152 1686 1233 1739; baseline -0.002 -12"><span class='ocrx_word' id='word_1_184' title='bbox 152 1686 745 1739; x_wconf 69' lang='lat' dir='ltr'><strong>(Argumentum—Excusat,</strong></span> <span class='ocrx_word' id='word_1_185' title='bbox 777 1686 883 1739; x_wconf 89' lang='lat' dir='ltr'><strong>quod</strong></span> <span class='ocrx_word' id='word_1_186' title='bbox 906 1687 949 1725; x_wconf 89' lang='lat' dir='ltr'><strong>in</strong></span> <span class='ocrx_word' id='word_1_187' title='bbox 979 1693 1157 1726; x_wconf 87' lang='lat' dir='ltr'><strong>senatum</strong></span> <span class='ocrx_word' id='word_1_188' title='bbox 1183 1687 1233 1726; x_wconf 87' lang='lat' dir='ltr'><strong>ad</strong></span> 
     </span>
     <span class='ocr_line' id='line_1_27' title="bbox 98 1741 1235 1796; baseline -0.001 -14"><span class='ocrx_word' id='word_1_189' title='bbox 98 1743 289 1796; x_wconf 87' lang='lat' dir='ltr'><strong>agendam</strong></span> <span class='ocrx_word' id='word_1_190' title='bbox 310 1742 447 1781; x_wconf 87' lang='lat' dir='ltr'><strong>Planci</strong></span> <span class='ocrx_word' id='word_1_191' title='bbox 470 1754 627 1781; x_wconf 85' lang='lat' dir='ltr'><strong>causam</strong></span> <span class='ocrx_word' id='word_1_192' title='bbox 650 1754 729 1780; x_wconf 90' lang='lat' dir='ltr'><strong>non</strong></span> <span class='ocrx_word' id='word_1_193' title='bbox 758 1742 931 1790; x_wconf 80' lang='lat' dir='ltr'><strong>venerit3</strong></span> <span class='ocrx_word' id='word_1_194' title='bbox 961 1749 1000 1781; x_wconf 91' lang='lat' dir='ltr'><strong>et</strong></span> <span class='ocrx_word' id='word_1_195' title='bbox 1021 1741 1146 1781; x_wconf 85' lang='lat' dir='ltr'><strong>officia</strong></span> <span class='ocrx_word' id='word_1_196' title='bbox 1165 1755 1235 1782; x_wconf 88' lang='lat' dir='ltr'><strong>sua</strong></span> 
     </span>
     <span class='ocr_line' id='line_1_28' title="bbox 97 1794 630 1850; baseline -0.011 -10"><span class='ocrx_word' id='word_1_197' title='bbox 97 1800 140 1840; x_wconf 86' lang='lat' dir='ltr'><strong>in</strong></span> <span class='ocrx_word' id='word_1_198' title='bbox 159 1798 244 1838; x_wconf 81' lang='lat' dir='ltr'><strong>aliis</strong></span> <span class='ocrx_word' id='word_1_199' title='bbox 262 1798 377 1837; x_wconf 91' lang='lat' dir='ltr'><strong>rebus</strong></span> <span class='ocrx_word' id='word_1_200' title='bbox 395 1794 630 1850; x_wconf 82' lang='lat' dir='ltr'><strong>pollicetur.)</strong></span> 
     </span>
    </p>
   </div>
   <div class='ocr_carea' id='block_1_5' title="bbox 610 1873 721 1881">
    <p class='ocr_par' dir='ltr' id='par_1_7' title="bbox 610 1873 721 1881">
     <span class='ocr_line' id='line_1_29' title="bbox 610 1873 721 1881; baseline 0 541"><span class='ocrx_word' id='word_1_201' title='bbox 610 1873 721 1881; x_wconf 95' lang='lat' dir='ltr'><strong> </strong></span> 
     </span>
    </p>
   </div>
   <div class='ocr_carea' id='block_1_6' title="bbox 88 1904 1237 2273">
    <p class='ocr_par' dir='ltr' id='par_1_8' title="bbox 88 1904 1235 1960">
     <span class='ocr_line' id='line_1_30' title="bbox 88 1904 1235 1960; baseline -0.002 -14"><span class='ocrx_word' id='word_1_202' title='bbox 88 1951 105 1960; x_wconf 84' lang='lat'><strong>..</strong></span> <span class='ocrx_word' id='word_1_203' title='bbox 153 1906 298 1946; x_wconf 83' lang='lat' dir='ltr'><strong>Meum</strong></span> <span class='ocrx_word' id='word_1_204' title='bbox 333 1906 508 1946; x_wconf 87' lang='lat' dir='ltr'><strong>studium</strong></span> <span class='ocrx_word' id='word_1_205' title='bbox 544 1905 681 1945; x_wconf 89' lang='lat' dir='ltr'><strong>honori</strong></span> <span class='ocrx_word' id='word_1_206' title='bbox 718 1913 800 1955; x_wconf 86' lang='lat' dir='ltr'><strong>tuo,</strong></span> <span class='ocrx_word' id='word_1_207' title='bbox 846 1919 918 1958; x_wconf 90' lang='lat' dir='ltr'><strong>pro</strong></span> <span class='ocrx_word' id='word_1_208' title='bbox 954 1904 1235 1945; x_wconf 81' lang='lat' dir='ltr'><strong>necessitudine</strong></span> 
     </span>
    </p>

    <p class='ocr_par' dir='ltr' id='par_1_9' title="bbox 97 1960 1235 2010">
     <span class='ocr_line' id='line_1_31' title="bbox 97 1960 1235 2010; baseline -0.004 -9"><span class='ocrx_word' id='word_1_209' title='bbox 97 1960 241 2010; x_wconf 64' lang='lat' dir='ltr'><strong>nostra,</strong></span> <span class='ocrx_word' id='word_1_210' title='bbox 272 1973 351 2000; x_wconf 88' lang='lat' dir='ltr'><strong>non</strong></span> <span class='ocrx_word' id='word_1_211' title='bbox 383 1961 579 2009; x_wconf 82' lang='lat' dir='ltr'><strong>defuisset,</strong></span> <span class='ocrx_word' id='word_1_212' title='bbox 613 1961 646 1999; x_wconf 86' lang='lat' dir='ltr'><strong>si</strong></span> <span class='ocrx_word' id='word_1_213' title='bbox 670 1967 738 1999; x_wconf 92' lang='lat' dir='ltr'><strong>aut</strong></span> <span class='ocrx_word' id='word_1_214' title='bbox 767 1968 852 2000; x_wconf 91' lang='lat' dir='ltr'><strong>tuto</strong></span> <span class='ocrx_word' id='word_1_215' title='bbox 874 1961 916 1999; x_wconf 89' lang='lat' dir='ltr'><strong>in</strong></span> <span class='ocrx_word' id='word_1_216' title='bbox 941 1966 1133 2007; x_wconf 86' lang='lat' dir='ltr'><strong>senatum,</strong></span> <span class='ocrx_word' id='word_1_217' title='bbox 1166 1966 1235 1997; x_wconf 89' lang='lat' dir='ltr'><strong>aut</strong></span> 
     </span>
    </p>

    <p class='ocr_par' dir='ltr' id='par_1_10' title="bbox 96 2013 1236 2069">
     <span class='ocr_line' id='line_1_32' title="bbox 96 2013 1236 2069; baseline -0.004 -14"><span class='ocrx_word' id='word_1_218' title='bbox 96 2017 269 2065; x_wconf 87' lang='lat' dir='ltr'><strong>honeste,</strong></span> <span class='ocrx_word' id='word_1_219' title='bbox 308 2016 437 2055; x_wconf 90' lang='lat' dir='ltr'><strong>venire</strong></span> <span class='ocrx_word' id='word_1_220' title='bbox 468 2015 692 2069; x_wconf 81' lang='lat' dir='ltr'><strong>potuissem.</strong></span> <span class='ocrx_word' id='word_1_221' title='bbox 741 2015 818 2055; x_wconf 89' lang='lat' dir='ltr'><strong>Sed</strong></span> <span class='ocrx_word' id='word_1_222' title='bbox 847 2028 918 2055; x_wconf 86' lang='lat' dir='ltr'><strong>nec</strong></span> <span class='ocrx_word' id='word_1_223' title='bbox 950 2015 1032 2055; x_wconf 89' lang='lat' dir='ltr'><strong>sine</strong></span> <span class='ocrx_word' id='word_1_224' title='bbox 1062 2013 1236 2065; x_wconf 87' lang='lat' dir='ltr'><strong>periculo</strong></span> 
     </span>
    </p>

    <p class='ocr_par' dir='ltr' id='par_1_11' title="bbox 99 2068 1237 2125">
     <span class='ocr_line' id='line_1_33' title="bbox 99 2068 1237 2125; baseline -0.004 -15"><span class='ocrx_word' id='word_1_225' title='bbox 99 2071 310 2125; x_wconf 83' lang='lat' dir='ltr'><strong>quisquam</strong></span> <span class='ocrx_word' id='word_1_226' title='bbox 337 2071 455 2110; x_wconf 88' lang='lat' dir='ltr'><strong>libere</strong></span> <span class='ocrx_word' id='word_1_227' title='bbox 482 2070 530 2109; x_wconf 91' lang='lat' dir='ltr'><strong>de</strong></span> <span class='ocrx_word' id='word_1_228' title='bbox 555 2084 597 2109; x_wconf 91' lang='lat' dir='ltr'><strong>re</strong></span> <span class='ocrx_word' id='word_1_229' title='bbox 622 2069 781 2123; x_wconf 87' lang='lat' dir='ltr'><strong>publica</strong></span> <span class='ocrx_word' id='word_1_230' title='bbox 806 2071 973 2110; x_wconf 90' lang='lat' dir='ltr'><strong>sentiens</strong></span> <span class='ocrx_word' id='word_1_231' title='bbox 998 2068 1137 2109; x_wconf 84' lang='lat' dir='ltr'><strong>versari</strong></span> <span class='ocrx_word' id='word_1_232' title='bbox 1165 2081 1237 2120; x_wconf 90' lang='lat' dir='ltr'><strong>po-</strong></span> 
     </span>
    </p>

    <p class='ocr_par' dir='ltr' id='par_1_12' title="bbox 99 2125 1236 2178">
     <span class='ocr_line' id='line_1_34' title="bbox 99 2125 1236 2178; baseline -0.004 -13"><span class='ocrx_word' id='word_1_233' title='bbox 99 2133 175 2166; x_wconf 55' lang='lat' dir='ltr'><strong>test</strong></span> <span class='ocrx_word' id='word_1_234' title='bbox 203 2126 245 2164; x_wconf 92' lang='lat' dir='ltr'><strong>in</strong></span> <span class='ocrx_word' id='word_1_235' title='bbox 272 2125 430 2165; x_wconf 88' lang='lat' dir='ltr'><strong>summa</strong></span> <span class='ocrx_word' id='word_1_236' title='bbox 455 2125 690 2178; x_wconf 87' lang='lat' dir='ltr'><strong>impunitate</strong></span> <span class='ocrx_word' id='word_1_237' title='bbox 716 2125 962 2177; x_wconf 78' lang='lat' dir='ltr'><strong>gladiorum3</strong></span> <span class='ocrx_word' id='word_1_238' title='bbox 997 2136 1068 2163; x_wconf 87' lang='lat' dir='ltr'><strong>nec</strong></span> <span class='ocrx_word' id='word_1_239' title='bbox 1095 2129 1236 2162; x_wconf 86' lang='lat' dir='ltr'><strong>nostrae</strong></span> 
     </span>
    </p>

    <p class='ocr_par' dir='ltr' id='par_1_13' title="bbox 101 2177 1237 2273">
     <span class='ocr_line' id='line_1_35' title="bbox 101 2177 1237 2234; baseline -0.004 -12"><span class='ocrx_word' id='word_1_240' title='bbox 101 2180 300 2234; x_wconf 83' lang='lat' dir='ltr'><strong>dignitatis</strong></span> <span class='ocrx_word' id='word_1_241' title='bbox 319 2180 471 2221; x_wconf 85' lang='lat' dir='ltr'><strong>videtur</strong></span> <span class='ocrx_word' id='word_1_242' title='bbox 492 2193 588 2232; x_wconf 63' lang='lat' dir='ltr'><strong>esse,</strong></span> <span class='ocrx_word' id='word_1_243' title='bbox 613 2179 669 2220; x_wconf 89' lang='lat' dir='ltr'><strong>ibi</strong></span> <span class='ocrx_word' id='word_1_244' title='bbox 691 2180 921 2220; x_wconf 81' lang='lat' dir='ltr'><strong>sententiam</strong></span> <span class='ocrx_word' id='word_1_245' title='bbox 946 2179 996 2219; x_wconf 89' lang='lat' dir='ltr'><strong>de</strong></span> <span class='ocrx_word' id='word_1_246' title='bbox 1020 2192 1067 2219; x_wconf 88' lang='lat' dir='ltr'><strong>re</strong></span> <span class='ocrx_word' id='word_1_247' title='bbox 1079 2177 1237 2231; x_wconf 84' lang='lat' dir='ltr'><strong>publica</strong></span> 
     </span>
     <span class='ocr_line' id='line_1_36' title="bbox 835 2235 961 2273; baseline 0 0"><span class='ocrx_word' id='word_1_248' title='bbox 835 2236 862 2273; x_wconf 85' lang='lat'>2</span> <span class='ocrx_word' id='word_1_249' title='bbox 884 2246 909 2273; x_wconf 84' lang='lat' dir='ltr'><strong>B</strong></span> <span class='ocrx_word' id='word_1_250' title='bbox 935 2235 961 2273; x_wconf 89' lang='grc'><strong>3</strong></span> 
     </span>
    </p>
   </div>
  </div>
 </body>
</html>
