1481 2422
245 106 330 148 AD
359 107 660 149 DIVERSOS.
691 109 792 148 Lm.
814 107 918 148 XII.
951 110 1012 148 14.
1111 108 1192 153 375

64 215 278 256 Antiochia
294 215 516 267 Dolabella,
537 225 574 258 et
592 218 632 257 in
661 217 922 271 oppugnando
940 216 1044 257 male
1062 229 1194 269 accep-

64 279 142 319 tus,
162 271 272 310 nulla
289 272 366 311 alia
384 273 548 312 confisus
573 275 682 323 urbe,
703 273 950 320 Laodiceam,
970 287 1058 325 quae
1077 279 1133 311 est
1150 272 1193 310 in

63 326 178 378 Syria
195 326 245 365 ad
262 339 384 376 mare,
405 341 444 366 se
462 329 636 367 contulit.
679 328 743 366 Ibi
772 341 882 380 spero
907 327 1075 366 celeriter
1103 339 1195 365 eum

59 393 192 438 poenas
210 381 418 420 daturum:
449 395 541 421 nam
561 395 702 435 neque,
732 396 810 435 quo
839 382 1019 433 refugiat,
1042 382 1190 426 habet;

51 439 189 487 ‘neque
220 435 366 475 diutius
397 437 453 476 ibi
482 437 621 489 poterit
649 445 802 476 tantum
835 437 1046 475 exercitum
1069 435 1194 475 Cassii

62 490 249 529 sustinere
264 504 277 536 ς
308 505 418 543 spero
432 492 549 531 etiam
564 492 780 532 confectum
795 504 875 531 esse
885 493 969 542 jam
982 498 1020 530 et
1034 503 1193 543 oppres-

62 557 150 583 sum
170 544 430 585 Dolabellam.

116 598 250 648 Quare
267 613 346 639 non
365 609 461 654 puto
477 602 646 641 Pansam
666 608 704 641 et
729 601 907 640 Hirtium
932 600 973 638 in
994 599 1195 639 consulatu

61 662 331 707 properaturos
349 656 391 694 in
409 656 624 708 provincias
643 656 760 705 exire,
794 656 861 694 sed
886 656 1027 694 Romae
1046 661 1197 693 acturos

60 709 323 749 consulatum.
351 711 506 763 Itaque,
522 711 555 750 si
574 713 622 750 ab
641 711 701 750 his
715 711 884 763 petieris,
900 717 945 748 ut
962 709 1108 748 interea
1125 721 1197 747 no-

61 762 121 802 bis
139 765 447 815 procurationem
465 766 573 805 Asiae
592 766 697 813 dent,
729 778 838 818 spero
867 772 904 803 te
934 776 1044 817 posse
1071 763 1197 814 impe-

60 824 174 857 trare.
219 819 410 859 Praeterea
433 821 531 859 mihi
560 821 818 873 promiserunt
837 820 966 858 Pansa
985 826 1022 857 et
1042 817 1201 856 Hirtius

61 885 206 922 coram,
227 881 265 912 et
283 875 431 914 absenti
448 875 547 913 mihi
566 876 810 928 scripserunt,
834 874 1046 926 Verrioque
1064 882 1196 911 nostro

62 927 191 966 Pansa
209 928 429 979 affirmavit,
450 944 489 969 se
507 930 688 969 daturum
706 942 877 983 operam,
898 941 946 968 ne
964 929 1006 967 in
1021 940 1092 966 suo
1104 939 1196 966 oon-

62 982 191 1021 sulatu
209 983 308 1022 mihi
333 984 568 1023 succedatur.
903 1025 906 1028 Α

116 1036 206 1089 Ego
223 1051 337 1089 porro
356 1051 434 1077 non
454 1039 621 1082 (medius
646 1039 778 1087 fidius)
795 1037 1014 1091 cupiditate
1039 1036 1198 1089 provin-

63 1090 133 1130 ciae
162 1092 322 1144 produci
349 1093 503 1145 longius
533 1095 702 1146 spatium
727 1094 826 1133 mihi
845 1094 956 1132 volo:
987 1105 1079 1131 nam
1098 1091 1199 1130 mihi

63 1145 140 1184 fuit
157 1146 230 1185 ista
246 1148 442 1199 provincia
460 1149 575 1201 plena
593 1149 749 1197 laboris,
770 1147 943 1201 periculi,
965 1146 1199 1186 detrimenti.

66 1200 172 1249 Quae
190 1214 261 1253 ego
279 1214 329 1241 ne
347 1202 489 1242 frustra
508 1202 705 1252 subierim,
726 1217 821 1242 neve
836 1202 957 1255 prius,
979 1214 1097 1255 quam
1111 1201 1203 1239 reli-

67 1256 178 1307 quias
189 1269 287 1295 meae
297 1256 508 1310 diligentiae
522 1271 746 1311 consequar,
760 1257 937 1297 decedere
950 1270 1077 1308 cogar,
1091 1255 1204 1294 valde

65 1309 212 1350 laboro.
242 1312 365 1361 Nam,
394 1312 426 1351 si
448 1313 675 1365 potuissem,
705 1326 824 1366 quam
855 1323 1055 1364 exegeram
1084 1323 1204 1362 pecu-

64 1365 187 1414 niam,
208 1366 427 1406 universam
445 1368 611 1416 mittere,
633 1368 868 1420 postularem
893 1376 938 1405 ut
956 1365 1054 1404 mihi
1074 1377 1204 1404 succe-

65 1419 244 1459 deretur:
276 1433 394 1471 nunc,
435 1423 540 1475 quod
571 1422 701 1461 Cassio
733 1422 835 1470 dedi,
875 1421 980 1473 quod
1013 1419 1202 1458 Trebonii

66 1482 191 1514 morte
215 1476 432 1526 amisimus,
464 1477 569 1529 quod
592 1477 707 1515 etiam
728 1476 950 1516 crudelitate
969 1474 1201 1522 Dolabellae,

65 1537 135 1568 aut
153 1530 314 1582 perfidia
337 1544 470 1570 eorum
501 1533 570 1585 qui
601 1532 699 1570 mihi
729 1531 846 1570 fidem
876 1530 1008 1583 reique
1035 1529 1202 1581 publicae

64 1595 145 1623 non
164 1585 437 1637 praestiterunt,
458 1586 500 1625 id
519 1587 700 1640 consequi
719 1594 755 1625 et
780 1586 931 1625 reficere
949 1585 1037 1624 volo
1054 1599 1064 1623 ε
1098 1583 1203 1636 quod

67 1639 180 1678 aliter
199 1651 276 1678 non
296 1648 421 1692 potest
440 1641 536 1690 fieri,
563 1641 639 1680 nisi
667 1641 836 1694 spatium
863 1640 1046 1679 habuero.
1090 1637 1138 1676 Id
1157 1646 1203 1677 ut

67 1706 137 1745 per
156 1700 194 1733 te
213 1707 437 1747 consequar,
459 1696 590 1744 velim,
613 1698 675 1740 (ut
694 1696 804 1744 solet)
825 1695 895 1734 tibi
908 1707 1008 1733 curae
1024 1693 1082 1733 sit.
1113 1692 1203 1744 Ego

68 1760 134 1786 me
152 1748 200 1787 de
219 1749 416 1801 republica
435 1757 531 1802 puto
551 1764 630 1789 esse
647 1750 847 1798 meritum,
876 1757 921 1788 ut
946 1761 1023 1787 non
1049 1747 1206 1800 provin-

67 1802 138 1841 ciae
155 1803 265 1842 istius
284 1804 513 1843 beneficium
530 1812 747 1858 exspectare
761 1805 937 1851 debeam,
954 1803 1019 1842 sed
1033 1810 1204 1850 tantum,

68 1865 263 1910 quantum
283 1858 440 1898 Cassius
459 1867 496 1898 et
514 1860 645 1908 Bruti,
665 1872 743 1898 non
759 1860 885 1898 solum
905 1858 1010 1896 illius
1029 1857 1120 1895 facti
1133 1869 1204 1908 pe-

66 1913 257 1964 riculique
285 1914 474 1963 societate,
506 1915 572 1954 sed
592 1915 707 1954 etiam
726 1915 844 1965 hujus
873 1912 1057 1964 temporis
1076 1910 1205 1950 studio

68 1974 107 2006 et
124 1967 278 2006 virtute.

124 2022 284 2061 Primus
303 2023 406 2062 enim
427 2037 497 2076 ego
514 2024 618 2076 leges
637 2023 881 2062 Antonianas
899 2021 1023 2074 fregi;
1053 2020 1204 2073 primus

67 2076 286 2128 equitatum
309 2077 524 2117 Dolabellae
541 2079 591 2118 ad.
616 2078 897 2131 rempublicam
915 2076 1085 2124 traduxi,
1107 2075 1204 2114 Cas-

67 2129 201 2183 sioque
219 2131 385 2180 tradidi3
414 2133 565 2185 primus
577 2133 745 2172 delectus
756 2132 877 2171 habui
895 2144 966 2184 pro
981 2131 1104 2170 salute
1117 2142 1204 2169 om-

66 2184 180 2224 nium
209 2194 341 2226 contra
372 2188 677 2238 conjurationem
710 2186 1038 2227 sceleratissimam
1055 2199 1068 2232 3
1098 2185 1204 2223 solus

67 2239 200 2281 Cassio
232 2249 271 2280 et
302 2241 524 2295 reipublicae
553 2243 722 2296 Syriam,
753 2241 1018 2294 exercitusque
1050 2239 1120 2293 qui
1146 2238 1203 2278 ibi
