1481 2422
359 69 445 110 AD
473 69 774 112 DIVERSOS·
799 70 901 110 Lm.
923 68 1001 109 IX.
1031 72 1070 109 2.
1204 70 1284 116 247

146 179 313 219 vitemus
330 180 460 219 oculos
476 179 698 227 hominum,
712 180 743 218 si
757 179 911 232 linguas
922 179 1052 218 minus
1063 178 1175 218 facile
1191 191 1281 231 pos-

145 233 280 272 simus.
323 233 408 282 Qui
439 234 544 273 enim
562 232 720 273 victoria
748 248 788 273 se
813 234 989 283 efferunt,
1017 234 1128 286 quasi
1160 233 1279 273 victos

143 299 215 327 nos
233 288 444 327 intuentur.
481 288 564 337 Qui
582 296 710 328 31118111
732 288 851 328 victos
876 296 1024 328 nostros
1042 288 1202 327 moleste
1220 288 1278 328 fe-

144 351 251 392 runt,
271 355 341 381 nos
360 343 491 382 dolent
509 343 647 382 vivere.

196 397 358 445 Quaeres
375 397 549 446 fortasse,
570 411 652 447 cur,
673 410 763 437 cum
782 398 864 437 haec
882 397 924 436 in
942 398 1052 437 Urbe
1076 397 1165 444 sint,
1193 409 1272 435 non

143 451 282 500 absim,
303 452 633 504 quemadmodum
652 460 708 491 tu.
740 453 807 491 Tu
826 452 930 491 enim
948 452 1046 504 ipse,
1067 451 1135 503 qui
1155 458 1191 489 et
1208 464 1274 490 me

139 513 177 544 et
200 506 294 545 alios
313 506 519 558 prudentia
538 506 671 554 vincis,
693 507 824 545 omnia
849 506 995 554 (credo)
1025 505 1180 551 vidisti3
1211 506 1273 543 ni-

139 559 197 598 hil
215 568 252 599 te
271 560 428 599 omnino
447 560 595 599 fefellit.
626 561 727 610 Quis
747 569 803 600 est
828 568 910 599 tam
932 561 1106 622 lynceus,
1130 559 1200 611 qui
1229 560 1271 598 in

139 614 256 653 tantis
268 615 433 654 tenebris
445 615 544 653 nihil
555 615 744 654 offendat.
732 616 751 641 '³
780 628 974 667 nusquam
985 615 1187 653 incurrat?
1206 614 1272 652 Ac

137 668 237 707 mihi
255 668 445 721 quidem
430 682 513 731 jam
532 669 682 721 pridem
701 669 806 709 venit
833 670 874 708 in
902 676 1089 716 mentem,
1120 667 1271 706 bellum

137 735 218 762 esse
252 723 383 775 aliquo
412 724 530 772 exire,
561 732 606 762 ut
632 738 690 772 ea,
716 738 804 777 quae
829 725 1042 775 agebantur
1063 723 1142 769 hic,
1163 736 1270 773 quae-

137 791 214 829 que
233 777 471 840 dicebantur,
502 790 572 817 nec
590 779 774 826 viderem,
801 791 870 817 nec
889 778 1076 816 audirem.
1113 776 1189 816 Sed
1207 790 1270 814 ca-

134 832 391 871 lumniabar
380 846 486 885 lpse·
516 835 719 885 putabam,
740 833 809 886 qui
837 832 991 872 obn'am
1016 831 1115 870 1111111
1141 831 1269 869 venis-

135 893 206 934 set,
228 894 273 925 ut
300 887 439 939 cuique
462 887 712 926 commodum
731 895 841 935 esset,
869 887 1168 938 suspicaturum,
1199 892 1268 923 aut

136 940 347 989 dicturum,
369 942 486 980 etiam
513 942 546 980 si
570 954 648 980 non
672 942 951 994 suspicaretur:
984 941 1064 979 Hic
1090 947 1158 978 aut
1183 952 1267 978 me-

134 995 225 1045 tuit,
258 1003 296 1034 et
326 1009 372 1034 ea
402 1009 444 1035 re
473 996 601 1047 fugit3
632 1005 701 1035 aut
730 995 878 1048 aliquid
900 994 1054 1047 cogitat,
1085 1003 1122 1033 et
1148 994 1266 1032 habet

132 1061 273 1088 navem
301 1058 489 1102 paratam.
524 1050 722 1103 Denique,
748 1050 938 1089 levissime
964 1050 1032 1102 qui
1055 1048 1266 1100 suspicare-

132 1110 210 1152 tur,
232 1111 270 1143 et
289 1105 358 1156 qui
374 1104 535 1144 fortasse
559 1118 623 1143 me
645 1106 790 1157 optime
816 1104 995 1152 novisset,
1019 1110 1173 1155 putaret
1198 1115 1263 1141 me

130 1158 270 1197 idcirco
288 1159 494 1208 discedere,
525 1159 630 1212 quod
655 1159 845 1212 quosdam
870 1158 1046 1197 11011111185
1065 1158 1166 1196 oculi
1184 1157 1262 1195 mei

128 1212 227 1251 ferre
245 1225 323 1252 non
341 1221 507 1266 possent.
543 1214 640 1252 Haec
660 1227 730 1266 ego
745 1213 954 1265 suspicans,
975 1212 1101 1250 adhuc
1122 1212 1262 1249 Romae

130 1279 293 1306 maneo:
336 1276 374 1307 et
405 1275 536 1306 tamen
569 1269 780 1313 λεληθοτως
809 1266 1045 1306 consuetudo
1075 1267 1260 1305 diuturna

127 1322 271 1361 callum
286 1323 370 1372 jam
390 1322 554 1361 obduxit
572 1322 768 1361 stomacho
786 1335 885 1360 meo.

182 1376 317 1415 Habes
330 1376 520 1415 rationem
546 1377 621 1415 mei
643 1377 802 1416 consilii.
829 1375 923 1414 Tibi
941 1375 1060 1427 igitur
1077 1375 1150 1414 hoc
1169 1387 1258 1413 cen·

126 1444 214 1470 seo:
251 1431 453 1470 latendum
482 1431 668 1483 tantisper
697 1431 857 1478 ibidem,
891 1431 988 1468 dum
1023 1430 1256 1469 defervescat

120 1485 204 1524 haec
217 1485 437 1537 gratulatio,
457 1493 495 1525 et
513 1486 631 1525 simui
645 1486 738 1525 dum
760 1485 979 1532 audiamus,
1001 1484 1255 1536 quemadmo-

120 1539 218 1578 dum
241 1540 441 1592 negotium
465 1540 681 1579 confectum
710 1540 779 1586 sit;
810 1540 1025 1579 confectum
1050 1538 1154 1577 enim
1173 1551 1255 1577 esse

121 1594 313 1633 existimo.
343 1594 486 1646 Magni
510 1602 641 1634 autem
669 1595 854 1642 intererit,
879 1593 948 1646 qui
965 1593 1082 1632 fuerit
1101 1593 1253 1631 victoris

117 1648 285 1696 animus,
306 1648 375 1700 qui
394 1649 519 1688 exitus
537 1662 667 1688 rerum
684 1664 694 1687 :
717 1661 972 1701 quamquam,
986 1661 1065 1699 quo
1083 1660 1146 1685 me
1161 1660 1252 1689 con-

115 1704 266 1754 jectura
284 1702 414 1751 ducat,
433 1703 557 1742 habeo
574 1718 584 1742 ε
615 1704 682 1743 sed
701 1711 877 1755 exspecto
896 1710 1038 1741 tamen.
1078 1701 1140 1739 Te
1159 1714 1249 1740 vero

116 1757 221 1805 nolo,
241 1757 316 1796 nisi
333 1757 416 1809 ipse
434 1771 568 1796 rumor
585 1759 670 1809 jam
681 1771 819 1797 raucus
838 1757 909 1796 erit
926 1757 1065 1804 factus,
1086 1755 1135 1793 ad
1154 1756 1250 1794 Bai-

115 1825 159 1851 as
197 1811 337 1850 venire.
384 1811 474 1851 Erit
501 1812 605 1851 enim
633 1813 743 1852 nobis
770 1812 981 1859 honestius,
1011 1811 1128 1850 etiam
1156 1823 1247 1849 cum

115 1866 207 1905 hinc
224 1866 523 1915 discesserimus,
543 1867 664 1906 videri
682 1867 830 1906 venisse
857 1867 898 1904 in
922 1866 991 1904 1113
1011 1866 1096 1905 loca
1119 1865 1249 1917 plora-

117 1928 204 1959 tum
222 1920 352 1972 potius
370 1934 490 1973 quam
508 1928 700 1960 natatum.

170 1975 248 2014 Sed
268 1975 352 2014 haec
378 1983 423 2013 tu
449 1976 588 2014 melius
602 1992 613 2014 ε
648 1975 766 2015 modo
793 1975 903 2014 nobis
930 1982 1004 2014 stet
1026 1973 1140 2022 illud,
1165 1973 1247 2012 una

114 2028 243 2069 vivere
260 2030 302 2068 in
326 2029 462 2068 studiis
486 2030 649 2077 nostris,
639 2044 650 2054 ·
680 2044 704 2069 3
728 2030 870 2082 quibus
892 2037 1005 2068 antea
1029 2028 1246 2067 delectatio-

112 2095 206 2123 nem
233 2084 352 2123 modo
380 2086 622 2147 petebamus,
656 2097 760 2123 nunc
789 2097 879 2123 vero
908 2084 1026 2123 etiam
1055 2084 1245 2122 salutem.

113 2150 195 2178 non
212 2137 355 2189 deesse,
375 2138 409 2178 si
426 2138 514 2192 quis
541 2138 724 2178 adhibere
747 2138 864 2187 volet,
890 2150 969 2178 non
986 2137 1103 2177 modo
1120 2144 1165 2176 ut
1187 2149 1249 2176 31-

115 2191 312 2245 chitectos,
343 2205 479 2234 verum
512 2192 630 2234 etiam
661 2199 708 2233 ut
736 2192 879 2242 fabros,
907 2192 958 2232 ad
984 2191 1247 2233 aedificandam
