1501 2407
238 110 290 147 28
461 111 544 149 AD
572 110 1132 151 DIVERSOS.L113.1.9.

237 230 300 255 me
318 216 409 266 fere,
429 218 625 281 referoque
643 219 691 258 ad
702 220 973 259 mansuetiores
991 218 1160 266 Musas,
1188 230 1276 270 quae
1290 230 1354 257 me

233 271 416 332 maxime,
437 272 533 311 sicut
555 275 636 323 jam
661 287 684 312 a
704 273 828 325 prima
855 271 1118 321 adolescentia,
1146 272 1353 319 delectant)

234 325 367 376 scripsi
384 325 515 376 igitur,
535 327 766 366 Aristoteleo
779 341 899 374 more,
917 326 1247 378 quemadmodum
1266 324 1355 376 qui-

233 378 322 416 dem
342 380 459 427 volui,
481 387 555 418 tres
583 381 731 420 libros'
720 394 760 419 m
786 380 1041 432 disputatione
1072 393 1115 418 ac
1132 380 1286 430 dialogo
1306 378 1354 417 de

237 431 412 480 Oratore,
433 447 528 484 quos
543 435 702 472 arbitror
717 436 885 474 Lentulo
903 442 970 472 tuo
989 434 1069 472 fore
1087 446 1165 497 non
1183 432 1353 471 inutiles.

236 486 458 525 Abhorrent
472 488 573 525 enim
589 502 611 526 a
622 489 890 527 communibus
901 485 1124 539 praeceptis}
1142 494 1180 524 et
1197 498 1355 524 omnem

237 541 496 591 antiquorum,
513 550 549 580 et
567 543 855 591 Aristoteleam,
870 550 906 580 et
926 543 1156 580 Isocrateam
1168 540 1355 578 rationem

235 595 437 632 oratoriam
456 597 770 647 complectuntur.
804 596 945 647 Scripsi
964 595 1080 633 etiam
1093 594 1263 633 versibus
1281 600 1358 631 tres

236 648 351 685 libros
381 648 428 686 de
447 650 680 701 temporibus
702 651 825 696 meis;
857 662 952 701 quos
972 650 1055 698 jam
1073 648 1223 700 pridem
1250 647 1299 685 ad
1318 654 1356 685 te

234 701 436 750 misissem,
451 703 482 741 si
497 716 575 741 esse
587 704 750 742 edendos
764 704 972 755 putassem.
1000 703 1100 741 Sunt
1112 702 1214 740 enim
1229 708 1359 749 testes,

237 763 274 793 et
305 764 428 804 erunt,
461 758 681 807 sempiterni
712 758 937 795 meritorum
970 769 1058 807 erga
1087 769 1152 794 me
1183 763 1356 803 tuorum,

236 821 408 860 meaeque
429 810 592 860 pietatis.
622 811 697 849 Sed
726 810 856 862 [quia]
881 812 1051 857 verebar,
1082 822 1160 848 non
1191 822 1268 858 eos,
1288 809 1358 860 qui

237 876 276 900 se
294 863 402 901 laesos
421 864 705 912 arbitrarentur,
728 865 885 907 (etenim
903 864 944 902 id
966 863 1039 902 feci
1056 877 1182 915 parce,
1203 871 1241 901 et
1257 862 1358 901 mol-

238 917 340 962 liter)
362 917 427 955 sed
446 931 521 966 eos,
539 931 634 969 quos
649 927 728 956 erat
739 918 936 956 infinitum
952 919 1050 956 bene
1069 918 1117 955 de
1127 930 1191 955 me
1203 916 1360 955 meritos

237 982 371 1008 omnes
390 972 598 1010 nominare.
627 972 737 1020 Quos
756 980 885 1010 tamen
903 972 1004 1023 ipsos
1022 971 1153 1019 libros,
1174 971 1206 1009 si
1224 982 1355 1022 quem,
1373 1003 1379 1009 ,

237 1023 300 1061 cui
318 1032 416 1062 recte
441 1026 694 1073 committam,
714 1026 908 1075 invenero,
935 1026 1076 1064 curabo
1101 1025 1152 1063 ad
1175 1032 1213 1063 te
1231 1023 1358 1076 perfe-

237 1077 384 1115 rendos.
413 1079 549 1130 Atque
573 1080 686 1118 istam
707 1080 864 1131 quidem
882 1087 1030 1131 partem
1049 1079 1137 1119 vitae
1155 1086 1357 1117 consuetu-

236 1131 412 1183 dinisque
425 1141 562 1171 nostrae
582 1141 702 1172 totam
718 1134 767 1172 ad
785 1142 822 1172 te
835 1134 973 1172 defero.
1001 1132 1206 1180 Quantum
1221 1131 1354 1180 literis,

237 1195 428 1236 quantum
458 1187 606 1248 studiis,
638 1189 827 1226 veteribus
855 1187 992 1225 nostris
1026 1186 1354 1234 delectationibus,

235 1241 416 1291 consequi
444 1241 667 1292 poterimus,
701 1241 742 1279 id
771 1254 885 1279 omne
914 1241 964 1279 ad
993 1240 1195 1279 arbitrium
1226 1247 1366 1288 tuum,-

235 1293 303 1343 qui
322 1293 402 1332 haec
421 1308 569 1345 semper
583 1296 734 1343 31113511,
754 1295 1004 1334 libentissime
1023 1294 1272 1332 conferemus.

290 1346 392 1394 Quae
410 1348 458 1386 ad
478 1361 541 1386 me
559 1348 605 1386 de
624 1349 700 1387 tuis
719 1351 831 1387 rebus
850 1348 1063 1387 domesticis
1083 1348 1226 1397 scribis,
1248 1361 1355 1399 quae-

236 1413 312 1451 que
337 1402 435 1439 1111111
458 1402 716 1451 commendas,
737 1416 781 1441 ea
805 1410 920 1440 tantae
941 1403 1039 1440 mihi
1063 1415 1164 1440 curae
1186 1409 1289 1448 sunt,
1312 1408 1355 1439 ut

235 1467 300 1492 me
314 1455 434 1493 nolim
453 1456 676 1503 admoneri,
706 1457 831 1508 rogari
848 1470 937 1496 vero
956 1456 1038 1495 sine
1065 1468 1207 1507 magno
1225 1455 1355 1494 dolore

236 1507 300 1546 vix
319 1521 487 1559 possum.

289 1562 408 1610 Quod
436 1563 483 1601 de
511 1564 654 1612 Quinti
675 1564 801 1603 fratris
823 1564 975 1626 negotio
1001 1563 1146 1613 scribis,
1173 1570 1212 1602 te
1229 1562 1354 1615 priore

235 1624 376 1664 aestate,
399 1617 502 1668 quod
521 1620 655 1657 morbo
674 1618 905 1680 impeditus
895 1632 936 1657 m
953 1617 1130 1658 Ciliciam
1141 1629 1219 1656 non
1231 1625 1359 1656 trans-

237 1668 338 1717 ieris,
369 1671 549 1710 conficere
588 1684 665 1710 non
695 1673 891 1724 potuisse3
929 1685 1032 1712 nunc
1064 1680 1195 1711 autem
1224 1670 1355 1709 omnia

236 1722 442 1773 facturum,
475 1733 519 1763 ut
549 1726 748 1773 conficias3
777 1727 817 1764 id
847 1727 938 1765 scito
968 1740 1047 1766 esse
1076 1725 1279 1776 ejusmodi,
1310 1731 1356 1763 ut

235 1776 350 1822 frater
375 1790 483 1816 meus
503 1792 589 1817 vere
608 1780 813 1828 existimet,
833 1780 1015 1830 adjuncto
1039 1780 1112 1818 isto
1128 1779 1265 1827 fundo,
1285 1791 1355 1829 pa-

237 1830 462 1869 trimonium
479 1832 559 1871 fore
578 1846 692 1871 suum
711 1847 779 1885 per
797 1842 834 1872 te
852 1834 1114 1872 constitutum.
1145 1832 1211 1871 Tu
1225 1845 1288 1870 me
1306 1831 1355 1871 de

236 1884 312 1922 tuis
330 1887 442 1923 rebus
462 1887 655 1933 omnibus,
682 1896 720 1926 et
738 1888 785 1926 de
803 1888 963 1926 Lentuli
981 1887 1040 1925 tui
1057 1886 1253 1938 nostrique
1271 1893 1355 1924 stu-

235 1937 309 1975 diis
337 1946 374 1976 et
404 1940 747 1989 exercitationibus,
774 1941 890 1980 velim
913 1954 1032 1992 quam
1060 1939 1354 1978 familiarissime

236 1991 449 2052 certiorem,
476 2001 513 2031 et
535 2007 654 2045 quam
672 1994 893 2046 saepissime,
913 1995 1053 2041 facias3
1085 1994 1354 2044 existimesque

236 2046 432 2084 neminem
451 2047 631 2098 cuiquam
657 2061 782 2100 neque
803 2048 985 2087 cariorem
1004 2061 1130 2099 neque
1148 2047 1354 2097 jucundio-

236 2111 318 2137 rem
337 2113 510 2151 unquam
527 2101 658 2150 fuisse,
689 2115 808 2153 quam
827 2109 864 2140 te
883 2102 1005 2147 mihi;
1035 2102 1151 2153 idque
1168 2114 1246 2149 me,
1276 2112 1352 2138 non

238 2153 354 2191 modo
374 2165 417 2191 ut
435 2162 478 2192 tu
501 2154 656 2203 sentias,
675 2155 740 2193 sed
765 2163 809 2194 ut
833 2168 966 2194 omnes
996 2163 1141 2207 genteS,
1171 2155 1286 2195 etiam
1310 2161 1356 2193 ut

238 2207 438 2257 posteritas
457 2209 582 2248 omnis
600 2209 802 2261 intelligat,
822 2223 900 2250 esse
918 2210 1122 2249 facturum.
