1481 2422
226 109 306 149 320
432 107 514 147 AD
542 105 836 146 DIVERSOS.
865 105 965 144 Lm.
988 105 1041 144 X.
1070 105 1135 143 32.

227 217 407 269 opinione
434 215 502 255 tua
530 215 627 255 mihi
651 215 795 267 gratius
823 218 893 253 est.
933 212 1092 252 Invideo
1115 211 1174 249 illi
1197 217 1342 257 tamem

229 270 334 323 quod
345 271 516 310 ambulat
528 278 565 309 et
579 271 728 320 jocatur
741 276 879 307 tecum.
908 267 1082 316 Quaeres,
1098 264 1233 318 quanti
1245 263 1345 302 aesti-

229 328 364 364 mem?
393 325 436 364 Si
453 336 625 376 unquam
643 323 792 362 licuerit
809 323 933 362 vivere
951 322 992 360 in
1011 321 1101 369 otio,
1125 317 1342 371 experieris.

229 379 398 418 Nullum
418 379 520 417 enirn
538 377 741 429 vestigium
759 378 826 415 abs
844 384 882 415 te
899 388 1109 414 recessurus
1127 386 1225 412 sum.

284 433 392 472 Illud
409 433 649 471 vehementer
673 431 852 478 admiror,
872 443 949 468 non
969 429 1156 481 scripsisse
1174 435 1211 466 te
1229 426 1359 474 mihi‚-

229 487 419 526 manendo
437 487 478 524 in
497 485 702 537 provincia,
723 498 771 523 an
791 484 964 523 ducendo
979 483 1185 522 exercitum
1204 482 1245 520 in
1264 481 1346 519 Ita-

230 541 338 589 liam,
359 541 576 591 reipublieae
593 539 716 590 magis
735 538 944 577 satisfacere
961 537 1114 589 possim.
1154 535 1241 587 Ego
1259 534 1347 586 qui-

230 594 334 643 dem,
355 595 424 633 etsi
441 594 538 632 mihi
566 593 684 631 tutius
710 606 753 631 ac
779 593 908 630 minus
935 591 1170 630 laboriosum
1189 597 1245 628 est
1261 602 1348 627 ma-

227 660 341 694 nere;
371 656 515 696 tamen,
536 647 627 699 quia
645 647 768 694 video,
801 646 867 684 tali
893 654 1063 697 tempore
1080 645 1205 682 multo
1222 642 1346 693 magis

230 702 444 753 legionibus
462 715 557 753 opus
571 714 649 740 esse
669 714 787 753 quam
805 700 1022 752 provinciis,
1039 712 1126 751 quae
1137 697 1347 750 praesertim

232 756 444 808 recuperari
461 756 570 793 nullo
587 755 737 806 negotio
768 762 939 806 possunt,
971 752 1162 799 constitui,
1182 758 1227 790 ut
1243 763 1347 790 nunc

232 818 302 858 est,
321 823 411 848 cum
431 810 596 848 exercitu
615 809 810 860 proficisci.
850 808 1003 847 Deinde
1027 821 1075 846 ex
1092 806 1225 853 literis,
1251 818 1348 857 quas

233 864 370 902 Pansae
387 864 490 911 misi,
511 876 707 913 cognosces
725 862 878 900 omnia:
908 875 999 900 nam
1024 861 1095 900 tibi
1124 872 1256 899 earum
1280 872 1348 898 ex-

233 918 380 970 emplar
397 917 498 957 misi.
526 917 656 957 XVII
675 917 758 955 Cal.
773 916 903 968 April.
924 916 1126 955 Cordubae.
1153 913 1265 953 Vale.

289 1080 402 1127 (32.)
431 1077 476 1117 C.
495 1077 728 1117 ASINIUS
756 1076 971 1117 POLLIO
1000 1075 1293 1117 CICERONI.

290 1189 612 1239 (Argumentum.
629 1209 679 1217 -—
699 1187 828 1235 Balbi,
867 1184 1064 1238 quaestoris
1100 1184 1173 1234 sui,
1205 1183 1351 1236 flagitia

235 1244 415 1347 gijxppnit:
445 1242 581 1282 deinde
599 1241 646 1280 de
664 1255 732 1280 suo
753 1242 794 1280 in
822 1239 1100 1292 rempublicam
1129 1237 1255 1317 studio
1282 1238 1350 1277 ad-

286 1405 436 1443 Balbus
455 1412 633 1456 quaestor,
645 1399 787 1455 magna
798 1401 999 1441 numerata
1015 1400 1193 1452 pecunia,
1206 1413 1349 1453 magno

233 1459 399 1510 pondere
418 1458 514 1506 auri,
534 1460 677 1508 majore
696 1458 856 1508 argenti,
878 1466 1004 1495 coacto
1033 1455 1080 1493 de
1098 1455 1261 1506 publicis
1280 1468 1348 1493 ex-

235 1513 458 1559 actionibus,
489 1525 538 1550 ne
567 1511 753 1563 stipendio
782 1511 938 1562 quidem
967 1509 1154 1547 militibus
1185 1508 1347 1557 reddito,

235 1567 346 1604 duxit
366 1580 403 1604 se
422 1580 444 1604 a
464 1566 652 1612 Gadibus,
679 1574 716 1603 et
741 1565 912 1602 triduum
941 1569 1163 1617 tempestate
1180 1570 1350 1602 retentus

236 1620 287 1658 ad
305 1620 464 1672 Calpen,
480 1620 563 1658 Cal.
579 1619 709 1658 Juniis
724 1619 869 1668 trajecit
883 1630 960 1656 sese
977 1617 1018 1655 in
1037 1629 1199 1667 regnum
1214 1617 1349 1668 Bogu-

235 1674 307 1722 dis,
341 1675 454 1726 plane
482 1675 578 1712 bene
606 1673 827 1725 peculiatus.
867 1672 943 1710 His
972 1670 1190 1709 rumoribus
1217 1678 1351 1709 utrum

237 1727 364 1766 Gades
381 1727 578 1775 referatur,
594 1740 643 1765 an
663 1728 845 1774 Romam,
867 1726 932 1769 (ad
948 1725 1117 1776 singulos
1132 1724 1234 1762 enim
1249 1737 1351 1763 nun-

235 1782 308 1821 tios
327 1781 544 1834 turpissime
561 1781 716 1820 consilia
733 1788 874 1828 mutat)
894 1779 1066 1818 nondum
1086 1778 1172 1816 scio.

289 1835 378 1883 Sed,
398 1843 534 1887 praeter
550 1834 653 1873 furta
671 1843 708 1872 et
720 1834 885 1886 rapinas,
902 1841 939 1871 et
953 1833 1068 1883 virgis
1086 1845 1198 1870 caesos
1216 1832 1349 1881 socios,

234 1890 317 1928 haec
335 1902 486 1941 quoque
504 1889 606 1936 fecit,
625 1896 671 1927 ut
693 1889 774 1940 ipse
795 1887 948 1939 gloriari
966 1887 1073 1934 solet,
1094 1886 1241 1933 eadem,
1262 1899 1351 1938 quae

237 1942 284 1983 C.
303 1944 440 1982 Caesar.
481 1943 618 1990 Ludis,
649 1955 744 1994 quos
774 1942 948 1979 Gadibus
971 1940 1075 1988 fecit,
1107 1940 1351 1978 Herennium

237 1998 410 2044 Gallum,
423 1997 659 2043 histrionem,
680 2008 832 2034 summo
849 1995 1030 2033 ludorum
1049 1994 1110 2031 die
1125 1994 1268 2031 annulo
1279 2006 1349 2032 au-

235 2065 299 2090 reo
317 2052 516 2099 donatum,
535 2051 576 2088 in
594 2050 701 2089 XIV
720 2062 864 2088 sessum
883 2048 1065 2087 deduxit:
1096 2054 1152 2085 tot
1170 2047 1273 2086 enim
1290 2047 1349 2085 fe-

234 2113 334 2144 cerat
347 2105 495 2144 ordines
509 2104 690 2156 equestris
703 2103 786 2143 loci.
816 2101 1160 2151 Quatuorviratum
1175 2100 1247 2139 sibi
1259 2113 1348 2152 pro-

234 2159 406 2211 rogavit=
437 2158 589 2198 comitia
606 2157 748 2196 biennii
766 2157 884 2196 biduo
901 2155 1062 2202 habuit;
1091 2154 1164 2193 hoc
1188 2162 1258 2204 ωε,
1288 2167 1347 2193 re-

232 2213 434 2262 nuntiavit,
467 2225 563 2265 quos
580 2212 615 2252 ei
633 2212 757 2251 visum
780 2219 863 2251 est:
893 2210 1043 2249 exsules
1071 2208 1238 2257 reduxit,
1267 2220 1345 2247 non
