1501 2407
275 90 360 131 AD
388 91 690 134 mvfflzsos.
723 93 952 133 L1n.vn.
980 95 1043 149 16.
1160 97 1238 142 197

93 201 316 253 perdiscere.
358 201 435 240 Sed
462 202 545 241 haec
569 202 687 252 jocati
715 216 866 252 sumus,
897 211 935 243 et
955 209 1032 242 ‘tuo
1050 216 1173 253 more,
1195 214 1234 245 et

93 256 271 294 nonnihil
289 255 405 295 etiam
419 264 562 295 nostro.
604 257 665 296 Te
684 258 796 297 valde
815 271 1018 303 amamus3
1042 271 1191 310 nosque
1211 274 1234 299 a

92 320 132 347 te
146 311 268 349 amari
286 323 377 350 cum
390 311 587 360 volumus,
604 319 692 350 tum
707 312 824 351 etiam
844 312 1088 352 confidimus.
1118 315 1233 353 Vale.

299 472 318 524 (
335 472 418 520 15.)
447 470 662 511 CICERO
692 471 1015 511 TREBATIO.

152 580 481 631 (Argumentum.
495 581 690 619 —Suum
724 581 891 619 absentis
922 581 1100 620 Trebatii
1132 581 1232 620 desi-

97 634 249 673 derium
267 635 449 685 declarat,
476 644 514 674 et
532 635 580 674 de
602 634 648 675 C.
670 635 791 674 Matii
808 636 1070 674 familiaritate
1098 644 1234 688 gratu-

97 687 234 740 latur.)

152 798 287 846 Quam
307 799 383 837 sint
400 799 542 838 morosi
562 800 631 851 qui
656 806 804 849 amant,
825 800 888 838 vel
908 813 956 838 ex
974 800 1047 839 hoc
1065 800 1232 852 intelligi

96 860 232 905 potest.
264 854 431 892 Moleste
449 854 619 893 ferebam
639 863 764 903 antea,
786 862 823 892 te
841 854 1005 892 invitum
1021 855 1106 893 istic
1122 869 1202 894 esse
1218 870 1228 894 :

96 908 238 959 pungit
257 921 321 946 me
340 922 487 957 rursus,
508 909 614 960 quod
633 909 764 947 scribis
783 922 865 947 esse
882 917 921 948 te
939 909 1025 948 istic
1051 909 1229 948 libenter.

98 962 241 1014 Neque
260 962 364 1001 enim
394 963 483 1001 mea
509 963 841 1001 commendatione
871 971 909 1001 te
942 976 1020 1002 non
1051 964 1232 1003 delectari

95 1015 208 1055 facile
224 1017 422 1069 patiebar:
454 1026 491 1056 et
509 1029 613 1055 nunc
643 1030 776 1068 angor,
805 1017 1020 1069 quidquam
1049 1019 1121 1056 tibi
1150 1019 1232 1057 sine

97 1083 162 1109 me
181 1085 260 1110 esse
276 1071 512 1121 jucundum.
553 1072 630 1110 Sed
657 1072 728 1110 hoc
754 1080 884 1110 tamen
913 1073 1018 1111 malo
1042 1072 1141 1111 ferre
1159 1086 1230 1112 nos

97 1125 344 1173 desiderium,
375 1139 494 1178 quam
515 1133 552 1164 te
571 1138 649 1164 non
673 1139 730 1175 ea,
761 1139 850 1178 quae
878 1140 1000 1177 spem,
1032 1128 1230 1179 consequi.

98 1179 203 1218 Cum
222 1193 310 1219 vero
329 1181 370 1218 in
390 1181 436 1219 C.
458 1180 591 1229 Matii,
613 1181 829 1219 suavissimi
848 1181 1134 1233 doctissimique
1157 1182 1230 1220 ho-

96 1234 226 1283 minis,
247 1235 550 1273 familiaritatem
576 1235 730 1284 venisti,
751 1247 830 1273 non
852 1235 927 1273 dici
955 1244 1079 1287 potest
1107 1249 1229 1288 quam

95 1289 208 1327 valde
225 1289 444 1341 gaudeam.
468 1290 537 1341 qui
551 1289 612 1328 fac
630 1297 675 1327 ut
691 1297 728 1328 te
747 1303 868 1354 quam
886 1291 1058 1329 maxime
1077 1290 1226 1342 dssigat.

94 1342 204 1382 Mihi
223 1344 346 1406 crede,
368 1344 467 1382 1111111
486 1358 534 1382 ex
567 1344 641 1382 ista
668 1345 866 1396 provincia
884 1353 1008 1396 potes,
1039 1345 1174 1398 quod
1160 1358 1228 1396 Ju-

93 1398 258 1438 cundius
279 1399 326 1438 sit
329 1398 564 1451 wdeportare
595 1399 714 1449 Cura,
734 1406 779 1437 ut
798 1399 938 1438 valeas.

177 1570 291 1619 (16.)
320 1568 383 1608 Μ.
414 1568 629 1610 CICERO
658 1570 698 1609 S.
719 1569 773 1608 D.
803 1568 1128 1608 TREBATIO.

153 1679 481 1730 (Argumentum.
494 1705 549 1712 —
561 1679 625 1717 Ita
648 1678 784 1718 laudat
801 1678 979 1718 Trebatii
998 1677 1227 1729 sapientiam

99 1733 141 1773 in
159 1734 315 1773 vitando
332 1735 525 1774 beliorum
551 1734 784 1783 discrimine,
810 1742 856 1772 ut
873 1733 1091 1772 timiditatis
1111 1732 1230 1771 simul

98 1796 252 1842 arguat,
272 1795 310 1827 et
327 1789 404 1828 alia
421 1803 489 1842 per
498 1790 633 1839 jocum
651 1789 871 1841 adjungat.)

151 1899 203 1938 In
232 1899 263 1921 ‘⁶
282 1898 400 1951 Equo
414 1898 615 1948 Trojano’'
631 1898 703 1937 scis
721 1911 801 1937 esse
819 1897 861 1936 in
880 1904 1069 1947 extremo,
1101 1899 1130 1921 ‘⁶
1146 1909 1230 1936 sero

96 1953 295 2006 sapiunt-³⁹
323 1953 392 1991 Tu
410 1960 555 2001 tamen,
575 1952 634 1991 mi
660 1953 803 2001 vetule,
828 1965 907 1991 non
936 1965 1030 1991 sero.
1075 1952 1230 1990 Primas

95 2009 182 2047 illas
207 2007 417 2047 rabiosulas
443 2015 501 2046 sat
524 2007 651 2046 fatuas
678 2006 842 2046 dedisti.
873 2006 1026 2055 deinde,
1056 2006 1162 2059 quod
1187 2006 1230 2044 in

95 2062 303 2102 Britannia
328 2074 408 2101 non
432 2061 549 2100 nimis
570 2061 784 2113 φιλοθεωρον
810 2069 848 2101 te
869 2061 1084 2113 praebuisti,
1113 2061 1231 2112 plane

94 2130 173 2157 non
202 2116 450 2169 reprehendo.
492 2117 614 2156 Nunc
643 2129 733 2155 vero
757 2116 800 2155 in
828 2116 1000 2155 hibernis
1022 2114 1228 2167 [injectus]

94 2172 192 2211 mihi
210 2170 350 2211 videris
363 2186 375 2210 ε
405 2171 536 2224 itaque
554 2178 593 2210 te
611 2183 853 2210 commovere
877 2183 955 2209 non
981 2184 1104 2209 curas.
1151 2170 1232 2208 Us-

94 2239 328 2280 quequaque
338 2239 471 2279 sapere
488 2232 639 2280 oportet
652 2240 663 2264 ι
693 2225 736 2265 id
751 2226 822 2266 erit
836 2226 957 2265 telum
979 2225 1228 2317 acegrimum.

989 2291 1008 2317 s
