<?xml version="1.0" encoding="UTF-8"?>
<!DOCTYPE html PUBLIC "-//W3C//DTD XHTML 1.0 Transitional//EN"
    "http://www.w3.org/TR/xhtml1/DTD/xhtml1-transitional.dtd">
<html xmlns="http://www.w3.org/1999/xhtml" xml:lang="en" lang="en">
 <head>
  <title>
</title>
<meta http-equiv="Content-Type" content="text/html;charset=utf-8" />
  <meta name='ocr-system' content='tesseract 3.04.00' />
  <meta name='ocr-capabilities' content='ocr_page ocr_carea ocr_par ocr_line ocrx_word'/>
</head>
<body>
  <div class='ocr_page' id='page_1' title='image "./operaern09ciceuoft_0246.png"; bbox 0 0 1481 2381; ppageno 0'>
   <div class='ocr_carea' id='block_1_1' title="bbox 240 87 1196 132">
    <p class='ocr_par' dir='ltr' id='par_1_1' title="bbox 240 87 1196 132">
     <span class='ocr_line' id='line_1_1' title="bbox 240 87 1196 132; baseline -0.003 -4"><span class='ocrx_word' id='word_1_1' title='bbox 240 91 321 129; x_wconf 83' lang='lat'><strong>232</strong></span> <span class='ocrx_word' id='word_1_2' title='bbox 403 91 487 130; x_wconf 91' lang='lat' dir='ltr'><strong>AD</strong></span> <span class='ocrx_word' id='word_1_3' title='bbox 515 89 812 132; x_wconf 87' lang='lat' dir='ltr'><strong>DIVERSOS.</strong></span> <span class='ocrx_word' id='word_1_4' title='bbox 843 88 944 129; x_wconf 75' lang='lat' dir='ltr'><strong>Iam.</strong></span> <span class='ocrx_word' id='word_1_5' title='bbox 973 87 1101 129; x_wconf 88' lang='lat' dir='ltr'><strong>VIII.</strong></span> <span class='ocrx_word' id='word_1_6' title='bbox 1133 87 1196 126; x_wconf 85' lang='lat' dir='ltr'><strong>lo.</strong></span> 
     </span>
    </p>
   </div>
   <div class='ocr_carea' id='block_1_2' title="bbox 234 194 1362 901">
    <p class='ocr_par' dir='ltr' id='par_1_2' title="bbox 238 194 1361 292">
     <span class='ocr_line' id='line_1_2' title="bbox 238 194 1361 252; baseline -0.005 -15"><span class='ocrx_word' id='word_1_7' title='bbox 238 199 361 238; x_wconf 83' lang='lat' dir='ltr'><strong>ullam</strong></span> <span class='ocrx_word' id='word_1_8' title='bbox 376 213 483 252; x_wconf 88' lang='lat' dir='ltr'><strong>spem</strong></span> <span class='ocrx_word' id='word_1_9' title='bbox 497 201 595 240; x_wconf 84' lang='lat' dir='ltr'><strong>mihi</strong></span> <span class='ocrx_word' id='word_1_10' title='bbox 610 200 730 240; x_wconf 87' lang='lat' dir='ltr'><strong>literis</strong></span> <span class='ocrx_word' id='word_1_11' title='bbox 743 198 965 248; x_wconf 82' lang='lat' dir='ltr'><strong>ostenderis,</strong></span> <span class='ocrx_word' id='word_1_12' title='bbox 984 211 1049 238; x_wconf 85' lang='lat' dir='ltr'><strong>me</strong></span> <span class='ocrx_word' id='word_1_13' title='bbox 1064 197 1139 237; x_wconf 82' lang='lat' dir='ltr'><strong>isto</strong></span> <span class='ocrx_word' id='word_1_14' title='bbox 1151 194 1361 234; x_wconf 80' lang='lat' dir='ltr'><strong>missurum</strong></span> 
     </span>
     <span class='ocr_line' id='line_1_3' title="bbox 239 254 347 292; baseline 0 0"><span class='ocrx_word' id='word_1_15' title='bbox 239 254 347 292; x_wconf 86' lang='lat' dir='ltr'><strong>alios.</strong></span> 
     </span>
    </p>

    <p class='ocr_par' dir='ltr' id='par_1_3' title="bbox 234 300 1362 686">
     <span class='ocr_line' id='line_1_4' title="bbox 293 300 1362 362; baseline -0.006 -16"><span class='ocrx_word' id='word_1_16' title='bbox 293 309 357 347; x_wconf 88' lang='lat' dir='ltr'><strong>M.</strong></span> <span class='ocrx_word' id='word_1_17' title='bbox 376 309 589 359; x_wconf 87' lang='lat' dir='ltr'><strong>Feridium,</strong></span> <span class='ocrx_word' id='word_1_18' title='bbox 609 310 778 362; x_wconf 77' lang='lat' dir='ltr'><strong>equitem</strong></span> <span class='ocrx_word' id='word_1_19' title='bbox 798 309 1038 355; x_wconf 89' lang='lat' dir='ltr'><strong>Romanum,</strong></span> <span class='ocrx_word' id='word_1_20' title='bbox 1057 304 1174 345; x_wconf 86' lang='lat' dir='ltr'><strong>amici</strong></span> <span class='ocrx_word' id='word_1_21' title='bbox 1188 302 1269 343; x_wconf 90' lang='lat' dir='ltr'><strong>mei</strong></span> <span class='ocrx_word' id='word_1_22' title='bbox 1284 300 1362 340; x_wconf 87' lang='lat' dir='ltr'><strong>fili-</strong></span> 
     </span>
     <span class='ocr_line' id='line_1_5' title="bbox 238 358 1360 412; baseline -0.005 -12"><span class='ocrx_word' id='word_1_23' title='bbox 238 375 322 410; x_wconf 90' lang='lat' dir='ltr'><strong>um,</strong></span> <span class='ocrx_word' id='word_1_24' title='bbox 343 366 490 402; x_wconf 89' lang='lat' dir='ltr'><strong>bonum</strong></span> <span class='ocrx_word' id='word_1_25' title='bbox 509 372 546 403; x_wconf 91' lang='lat' dir='ltr'><strong>et</strong></span> <span class='ocrx_word' id='word_1_26' title='bbox 565 372 765 402; x_wconf 83' lang='lat' dir='ltr'><strong>strenuum</strong></span> <span class='ocrx_word' id='word_1_27' title='bbox 785 363 1077 408; x_wconf 80' lang='lat' dir='ltr'>adolescentem,</span> <span class='ocrx_word' id='word_1_28' title='bbox 1097 359 1166 412; x_wconf 90' lang='lat' dir='ltr'><strong>qui</strong></span> <span class='ocrx_word' id='word_1_29' title='bbox 1179 358 1229 398; x_wconf 86' lang='lat' dir='ltr'><strong>ad</strong></span> <span class='ocrx_word' id='word_1_30' title='bbox 1242 369 1360 396; x_wconf 84' lang='lat' dir='ltr'><strong>suum</strong></span> 
     </span>
     <span class='ocr_line' id='line_1_6' title="bbox 236 415 1361 468; baseline -0.006 -13"><span class='ocrx_word' id='word_1_31' title='bbox 236 418 435 468; x_wconf 83' lang='lat' dir='ltr'>negotium</span> <span class='ocrx_word' id='word_1_32' title='bbox 453 419 551 457; x_wconf 88' lang='lat' dir='ltr'><strong>istuc</strong></span> <span class='ocrx_word' id='word_1_33' title='bbox 569 419 687 466; x_wconf 86' lang='lat' dir='ltr'><strong>venit,</strong></span> <span class='ocrx_word' id='word_1_34' title='bbox 707 418 778 456; x_wconf 90' lang='lat' dir='ltr'><strong>tibi</strong></span> <span class='ocrx_word' id='word_1_35' title='bbox 796 415 1045 462; x_wconf 85' lang='lat' dir='ltr'><strong>commendo;</strong></span> <span class='ocrx_word' id='word_1_36' title='bbox 1080 421 1119 454; x_wconf 84' lang='lat' dir='ltr'><strong>et</strong></span> <span class='ocrx_word' id='word_1_37' title='bbox 1135 422 1172 452; x_wconf 89' lang='lat' dir='ltr'><strong>te</strong></span> <span class='ocrx_word' id='word_1_38' title='bbox 1189 425 1297 464; x_wconf 88' lang='lat' dir='ltr'><strong>rogo,</strong></span> <span class='ocrx_word' id='word_1_39' title='bbox 1315 416 1361 448; x_wconf 92' lang='lat' dir='ltr'><strong>ut</strong></span> 
     </span>
     <span class='ocr_line' id='line_1_7' title="bbox 237 466 1359 522; baseline -0.006 -13"><span class='ocrx_word' id='word_1_40' title='bbox 237 484 328 510; x_wconf 84' lang='lat' dir='ltr'><strong>eum</strong></span> <span class='ocrx_word' id='word_1_41' title='bbox 343 473 383 510; x_wconf 90' lang='lat' dir='ltr'><strong>in</strong></span> <span class='ocrx_word' id='word_1_42' title='bbox 395 480 551 510; x_wconf 85' lang='lat' dir='ltr'><strong>tuorum</strong></span> <span class='ocrx_word' id='word_1_43' title='bbox 564 486 725 511; x_wconf 89' lang='lat' dir='ltr'><strong>numero</strong></span> <span class='ocrx_word' id='word_1_44' title='bbox 738 473 892 510; x_wconf 88' lang='lat' dir='ltr'><strong>habeas.</strong></span> <span class='ocrx_word' id='word_1_45' title='bbox 918 471 1063 521; x_wconf 84' lang='lat' dir='ltr'>Agros,</span> <span class='ocrx_word' id='word_1_46' title='bbox 1079 481 1175 522; x_wconf 89' lang='lat' dir='ltr'><strong>quos</strong></span> <span class='ocrx_word' id='word_1_47' title='bbox 1186 466 1359 504; x_wconf 82' lang='lat' dir='ltr'><strong>fructua-</strong></span> 
     </span>
     <span class='ocr_line' id='line_1_8' title="bbox 235 517 1361 575; baseline -0.007 -11"><span class='ocrx_word' id='word_1_48' title='bbox 235 525 311 564; x_wconf 88' lang='lat' dir='ltr'><strong>rios</strong></span> <span class='ocrx_word' id='word_1_49' title='bbox 329 527 473 565; x_wconf 90' lang='lat' dir='ltr'><strong>habent</strong></span> <span class='ocrx_word' id='word_1_50' title='bbox 492 527 674 574; x_wconf 85' lang='lat' dir='ltr'><strong>civitates,</strong></span> <span class='ocrx_word' id='word_1_51' title='bbox 694 527 793 575; x_wconf 82' lang='lat' dir='ltr'><strong>vult,</strong></span> <span class='ocrx_word' id='word_1_52' title='bbox 823 533 892 564; x_wconf 90' lang='lat' dir='ltr'><strong>tuo</strong></span> <span class='ocrx_word' id='word_1_53' title='bbox 920 523 1118 571; x_wconf 87' lang='lat' dir='ltr'><strong>beneficio,</strong></span> <span class='ocrx_word' id='word_1_54' title='bbox 1149 519 1272 574; x_wconf 89' lang='lat' dir='ltr'><strong>(quod</strong></span> <span class='ocrx_word' id='word_1_55' title='bbox 1289 517 1361 557; x_wconf 90' lang='lat' dir='ltr'><strong>tibi</strong></span> 
     </span>
     <span class='ocr_line' id='line_1_9' title="bbox 234 574 1361 628; baseline -0.004 -12"><span class='ocrx_word' id='word_1_56' title='bbox 234 579 346 619; x_wconf 86' lang='lat' dir='ltr'><strong>facile</strong></span> <span class='ocrx_word' id='word_1_57' title='bbox 365 589 402 619; x_wconf 92' lang='lat' dir='ltr'><strong>et</strong></span> <span class='ocrx_word' id='word_1_58' title='bbox 420 581 625 620; x_wconf 63' lang='lat' dir='ltr'><strong>honestum</strong></span> <span class='ocrx_word' id='word_1_59' title='bbox 649 581 753 619; x_wconf 86' lang='lat' dir='ltr'><strong>factu</strong></span> <span class='ocrx_word' id='word_1_60' title='bbox 773 587 844 628; x_wconf 63' lang='lat' dir='ltr'><strong>aet)</strong></span> <span class='ocrx_word' id='word_1_61' title='bbox 873 580 1067 618; x_wconf 61' lang='lat' dir='ltr'><strong>immunes</strong></span> <span class='ocrx_word' id='word_1_62' title='bbox 1085 589 1202 617; x_wconf 74' lang='lat' dir='ltr'><strong>oese.</strong></span> <span class='ocrx_word' id='word_1_63' title='bbox 1220 574 1361 614; x_wconf 80' lang='lat' dir='ltr'><strong>Grates</strong></span> 
     </span>
     <span class='ocr_line' id='line_1_10' title="bbox 237 635 828 686; baseline 0.002 -14"><span class='ocrx_word' id='word_1_64' title='bbox 237 642 275 672; x_wconf 83' lang='lat' dir='ltr'><strong>et</strong></span> <span class='ocrx_word' id='word_1_65' title='bbox 293 636 412 673; x_wconf 91' lang='lat' dir='ltr'><strong>bonos</strong></span> <span class='ocrx_word' id='word_1_66' title='bbox 431 635 529 673; x_wconf 91' lang='lat' dir='ltr'><strong>viros</strong></span> <span class='ocrx_word' id='word_1_67' title='bbox 548 636 618 673; x_wconf 89' lang='lat' dir='ltr'><strong>tibi</strong></span> <span class='ocrx_word' id='word_1_68' title='bbox 636 635 828 686; x_wconf 81' lang='lat' dir='ltr'><strong>obligaris.</strong></span> 
     </span>
    </p>

    <p class='ocr_par' dir='ltr' id='par_1_4' title="bbox 234 684 1361 795">
     <span class='ocr_line' id='line_1_11' title="bbox 291 684 1361 741; baseline -0.006 -13.994"><span class='ocrx_word' id='word_1_69' title='bbox 291 689 396 727; x_wconf 88' lang='lat' dir='ltr'><strong>Nolo</strong></span> <span class='ocrx_word' id='word_1_70' title='bbox 415 696 452 727; x_wconf 88' lang='lat' dir='ltr'><strong>te</strong></span> <span class='ocrx_word' id='word_1_71' title='bbox 479 697 629 741; x_wconf 83' lang='lat' dir='ltr'><strong>putare,</strong></span> <span class='ocrx_word' id='word_1_72' title='bbox 660 689 878 727; x_wconf 89' lang='lat' dir='ltr'><strong>Favonium</strong></span> <span class='ocrx_word' id='word_1_73' title='bbox 903 700 926 725; x_wconf 89' lang='lat' dir='ltr'><strong>a</strong></span> <span class='ocrx_word' id='word_1_74' title='bbox 944 684 1188 726; x_wconf 81' lang='lat' dir='ltr'><strong>columnariis</strong></span> <span class='ocrx_word' id='word_1_75' title='bbox 1204 690 1361 737; x_wconf 56' lang='grc'><strong>1113181·-</strong></span> 
     </span>
     <span class='ocr_line' id='line_1_12' title="bbox 234 739 1158 795; baseline -0.003 -14"><span class='ocrx_word' id='word_1_76' title='bbox 234 742 335 781; x_wconf 87' lang='lat' dir='ltr'><strong>itum</strong></span> <span class='ocrx_word' id='word_1_77' title='bbox 351 756 453 781; x_wconf 86' lang='lat' dir='ltr'><strong>esse:</strong></span> <span class='ocrx_word' id='word_1_78' title='bbox 484 744 652 795; x_wconf 89' lang='lat' dir='ltr'><strong>optimus</strong></span> <span class='ocrx_word' id='word_1_79' title='bbox 671 744 834 795; x_wconf 92' lang='lat' dir='ltr'><strong>quisque</strong></span> <span class='ocrx_word' id='word_1_80' title='bbox 853 755 942 781; x_wconf 90' lang='lat' dir='ltr'><strong>eum</strong></span> <span class='ocrx_word' id='word_1_81' title='bbox 961 754 1040 780; x_wconf 91' lang='lat' dir='ltr'><strong>non</strong></span> <span class='ocrx_word' id='word_1_82' title='bbox 1058 739 1158 779; x_wconf 85' lang='lat' dir='ltr'><strong>fecit.</strong></span> 
     </span>
    </p>

    <p class='ocr_par' dir='ltr' id='par_1_5' title="bbox 235 791 1361 901">
     <span class='ocr_line' id='line_1_13' title="bbox 291 791 1358 849; baseline -0.007 -13"><span class='ocrx_word' id='word_1_83' title='bbox 291 797 501 849; x_wconf 89' lang='lat' dir='ltr'><strong>Pompeius</strong></span> <span class='ocrx_word' id='word_1_84' title='bbox 513 806 602 836; x_wconf 90' lang='lat' dir='ltr'><strong>tuus</strong></span> <span class='ocrx_word' id='word_1_85' title='bbox 617 806 745 849; x_wconf 88' lang='lat' dir='ltr'><strong>aperte</strong></span> <span class='ocrx_word' id='word_1_86' title='bbox 758 798 948 836; x_wconf 83' lang='lat' dir='ltr'><strong>Caesarem</strong></span> <span class='ocrx_word' id='word_1_87' title='bbox 958 803 1061 835; x_wconf 82' lang='lat' dir='ltr'><strong>vetat</strong></span> <span class='ocrx_word' id='word_1_88' title='bbox 1071 802 1110 834; x_wconf 85' lang='lat' dir='ltr'><strong>et</strong></span> <span class='ocrx_word' id='word_1_89' title='bbox 1121 791 1358 846; x_wconf 84' lang='lat' dir='ltr'><strong>provinciam</strong></span> 
     </span>
     <span class='ocr_line' id='line_1_14' title="bbox 235 845 1361 901; baseline -0.006 -11"><span class='ocrx_word' id='word_1_90' title='bbox 235 858 363 890; x_wconf 88' lang='lat' dir='ltr'><strong>tenere</strong></span> <span class='ocrx_word' id='word_1_91' title='bbox 378 865 467 890; x_wconf 89' lang='lat' dir='ltr'><strong>cum</strong></span> <span class='ocrx_word' id='word_1_92' title='bbox 487 852 668 901; x_wconf 82' lang='lat' dir='ltr'><strong>exercitu,</strong></span> <span class='ocrx_word' id='word_1_93' title='bbox 695 860 732 891; x_wconf 89' lang='lat' dir='ltr'><strong>et</strong></span> <span class='ocrx_word' id='word_1_94' title='bbox 750 851 945 890; x_wconf 86' lang='lat' dir='ltr'><strong>consulem</strong></span> <span class='ocrx_word' id='word_1_95' title='bbox 963 863 1055 899; x_wconf 64' lang='lat' dir='ltr'><strong>esse·</strong></span> <span class='ocrx_word' id='word_1_96' title='bbox 1089 849 1243 887; x_wconf 86' lang='lat' dir='ltr'><strong>Tamen</strong></span> <span class='ocrx_word' id='word_1_97' title='bbox 1258 845 1361 884; x_wconf 84' lang='lat' dir='ltr'><strong>hanc</strong></span> 
     </span>
    </p>
   </div>
   <div class='ocr_carea' id='block_1_3' title="bbox 235 904 1444 956">
    <p class='ocr_par' dir='ltr' id='par_1_6' title="bbox 235 904 1444 956">
     <span class='ocr_line' id='line_1_15' title="bbox 235 904 1444 956; baseline -0.007 -12"><span class='ocrx_word' id='word_1_98' title='bbox 235 907 463 944; x_wconf 83' lang='lat' dir='ltr'><strong>sententiam</strong></span> <span class='ocrx_word' id='word_1_99' title='bbox 494 906 607 956; x_wconf 82' lang='lat' dir='ltr'>dixit,</span> <span class='ocrx_word' id='word_1_100' title='bbox 631 907 785 945; x_wconf 76' lang='lat' dir='ltr'><strong>nullum</strong></span> <span class='ocrx_word' id='word_1_101' title='bbox 808 906 881 945; x_wconf 90' lang='lat' dir='ltr'><strong>hoc</strong></span> <span class='ocrx_word' id='word_1_102' title='bbox 905 913 1077 956; x_wconf 88' lang='lat' dir='ltr'><strong>tempore</strong></span> <span class='ocrx_word' id='word_1_103' title='bbox 1100 904 1359 942; x_wconf 82' lang='lat' dir='ltr'><strong>senatus-oon·</strong></span> <span class='ocrx_word' id='word_1_104' title='bbox 1431 949 1444 956; x_wconf 22' lang='lat' dir='ltr'>N</span> 
     </span>
    </p>
   </div>
   <div class='ocr_carea' id='block_1_4' title="bbox 231 954 1357 1285">
    <p class='ocr_par' dir='ltr' id='par_1_7' title="bbox 231 954 1357 1285">
     <span class='ocr_line' id='line_1_16' title="bbox 236 954 1357 1012; baseline -0.007 -13"><span class='ocrx_word' id='word_1_105' title='bbox 236 961 383 999; x_wconf 78' lang='lat' dir='ltr'><strong>suitum</strong></span> <span class='ocrx_word' id='word_1_106' title='bbox 409 960 656 999; x_wconf 85' lang='lat' dir='ltr'><strong>faciendum.</strong></span> <span class='ocrx_word' id='word_1_107' title='bbox 687 961 814 1012; x_wconf 87' lang='lat' dir='ltr'>Scipio</span> <span class='ocrx_word' id='word_1_108' title='bbox 845 960 958 1009; x_wconf 84' lang='lat' dir='ltr'><strong>hanc,</strong></span> <span class='ocrx_word' id='word_1_109' title='bbox 984 966 1030 997; x_wconf 89' lang='lat' dir='ltr'><strong>ut</strong></span> <span class='ocrx_word' id='word_1_110' title='bbox 1053 955 1213 997; x_wconf 87' lang='lat' dir='ltr'><strong>Calend.</strong></span> <span class='ocrx_word' id='word_1_111' title='bbox 1244 954 1357 993; x_wconf 84' lang='lat' dir='ltr'><strong>Mar-</strong></span> 
     </span>
     <span class='ocr_line' id='line_1_17' title="bbox 231 1009 1356 1067; baseline -0.005 -15"><span class='ocrx_word' id='word_1_112' title='bbox 231 1014 310 1061; x_wconf 85' lang='lat' dir='ltr'><strong>tiis,</strong></span> <span class='ocrx_word' id='word_1_113' title='bbox 333 1013 401 1064; x_wconf 88' lang='lat' dir='ltr'><strong>[de</strong></span> <span class='ocrx_word' id='word_1_114' title='bbox 419 1015 621 1066; x_wconf 85' lang='lat' dir='ltr'><strong>provinciis</strong></span> <span class='ocrx_word' id='word_1_115' title='bbox 641 1015 816 1067; x_wconf 58' lang='lat' dir='ltr'><strong>Ganjjsq</strong></span> <span class='ocrx_word' id='word_1_116' title='bbox 836 1027 912 1053; x_wconf 89' lang='lat' dir='ltr'><strong>neu</strong></span> <span class='ocrx_word' id='word_1_117' title='bbox 931 1013 1026 1066; x_wconf 81' lang='lat' dir='ltr'><strong>quid.</strong></span> <span class='ocrx_word' id='word_1_118' title='bbox 1043 1009 1277 1062; x_wconf 84' lang='lat' dir='ltr'><strong>conjunctim</strong></span> <span class='ocrx_word' id='word_1_119' title='bbox 1295 1020 1356 1046; x_wconf 65' lang='lat' dir='ltr'><strong>ren</strong></span> 
     </span>
     <span class='ocr_line' id='line_1_18' title="bbox 231 1062 1353 1108; baseline -0.006 -1"><span class='ocrx_word' id='word_1_120' title='bbox 231 1068 403 1108; x_wconf 85' lang='lat' dir='ltr'><strong>ferretur.</strong></span> <span class='ocrx_word' id='word_1_121' title='bbox 435 1069 466 1107; x_wconf 84' lang='lat' dir='ltr'><strong>s&#39;</strong></span> <span class='ocrx_word' id='word_1_122' title='bbox 470 1070 684 1108; x_wconf 85' lang='lat' dir='ltr'><strong>ontristavit</strong></span> <span class='ocrx_word' id='word_1_123' title='bbox 701 1070 784 1108; x_wconf 86' lang='lat' dir='ltr'><strong>haec</strong></span> <span class='ocrx_word' id='word_1_124' title='bbox 802 1069 987 1108; x_wconf 77' lang='lat' dir='ltr'><strong>sententia</strong></span> <span class='ocrx_word' id='word_1_125' title='bbox 1014 1066 1188 1107; x_wconf 84' lang='lat' dir='ltr'>Balbum</span> <span class='ocrx_word' id='word_1_126' title='bbox 1208 1062 1353 1104; x_wconf 86' lang='lat' dir='ltr'><strong>Corne-</strong></span> 
     </span>
     <span class='ocr_line' id='line_1_19' title="bbox 231 1117 1353 1176; baseline -0.005 -15"><span class='ocrx_word' id='word_1_127' title='bbox 231 1123 356 1162; x_wconf 81' lang='lat' dir='ltr'><strong>hum:</strong></span> <span class='ocrx_word' id='word_1_128' title='bbox 388 1130 425 1162; x_wconf 87' lang='lat' dir='ltr'><strong>et</strong></span> <span class='ocrx_word' id='word_1_129' title='bbox 443 1123 534 1171; x_wconf 87' lang='lat' dir='ltr'><strong>scio,</strong></span> <span class='ocrx_word' id='word_1_130' title='bbox 556 1137 647 1162; x_wconf 92' lang='lat' dir='ltr'><strong>eum</strong></span> <span class='ocrx_word' id='word_1_131' title='bbox 661 1132 841 1176; x_wconf 90' lang='lat' dir='ltr'><strong>questum</strong></span> <span class='ocrx_word' id='word_1_132' title='bbox 856 1136 935 1162; x_wconf 89' lang='lat' dir='ltr'><strong>esse</strong></span> <span class='ocrx_word' id='word_1_133' title='bbox 948 1136 1039 1162; x_wconf 90' lang='grc'><strong>811111</strong></span> <span class='ocrx_word' id='word_1_134' title='bbox 1058 1119 1245 1172; x_wconf 80' lang='lat' dir='ltr'><strong>Scipione.</strong></span> <span class='ocrx_word' id='word_1_135' title='bbox 1275 1117 1353 1156; x_wconf 81' lang='lat' dir='ltr'><strong>Ca-</strong></span> 
     </span>
     <span class='ocr_line' id='line_1_20' title="bbox 231 1174 1354 1224; baseline 0 -9"><span class='ocrx_word' id='word_1_136' title='bbox 231 1177 388 1216; x_wconf 87' lang='lat' dir='ltr'><strong>nidius</strong></span> <span class='ocrx_word' id='word_1_137' title='bbox 378 1191 418 1216; x_wconf 90' lang='lat' dir='ltr'><strong>1n</strong></span> <span class='ocrx_word' id='word_1_138' title='bbox 437 1178 654 1217; x_wconf 85' lang='lat' dir='ltr'><strong>defensione</strong></span> <span class='ocrx_word' id='word_1_139' title='bbox 666 1192 737 1217; x_wconf 85' lang='lat' dir='ltr'><strong>sua</strong></span> <span class='ocrx_word' id='word_1_140' title='bbox 750 1178 826 1216; x_wconf 81' lang='lat' dir='ltr'><strong>fuit</strong></span> <span class='ocrx_word' id='word_1_141' title='bbox 839 1177 1122 1224; x_wconf 86' lang='lat' dir='ltr'><strong>disertissimus,</strong></span> <span class='ocrx_word' id='word_1_142' title='bbox 1141 1174 1183 1212; x_wconf 90' lang='lat' dir='ltr'><strong>in</strong></span> <span class='ocrx_word' id='word_1_143' title='bbox 1200 1184 1354 1213; x_wconf 71' lang='lat' dir='ltr'><strong>accusa·</strong></span> 
     </span>
     <span class='ocr_line' id='line_1_21' title="bbox 231 1232 778 1285; baseline 0.002 -15"><span class='ocrx_word' id='word_1_144' title='bbox 231 1232 334 1272; x_wconf 81' lang='lat' dir='ltr'><strong>tione</strong></span> <span class='ocrx_word' id='word_1_145' title='bbox 353 1232 443 1272; x_wconf 85' lang='lat' dir='ltr'><strong>satis</strong></span> <span class='ocrx_word' id='word_1_146' title='bbox 462 1232 637 1285; x_wconf 87' lang='lat' dir='ltr'><strong>frigidus.</strong></span> <span class='ocrx_word' id='word_1_147' title='bbox 667 1233 778 1272; x_wconf 88' lang='lat' dir='ltr'><strong>Vale.</strong></span> 
     </span>
    </p>
   </div>
   <div class='ocr_carea' id='block_1_5' title="bbox 416 1395 1165 1447">
    <p class='ocr_par' dir='ltr' id='par_1_8' title="bbox 416 1395 1165 1447">
     <span class='ocr_line' id='line_1_22' title="bbox 416 1395 1165 1447; baseline 0.001 -14"><span class='ocrx_word' id='word_1_148' title='bbox 416 1396 533 1447; x_wconf 89' lang='lat'>(10.)</span> <span class='ocrx_word' id='word_1_149' title='bbox 562 1395 786 1436; x_wconf 88' lang='lat' dir='ltr'><strong>COELIUS</strong></span> <span class='ocrx_word' id='word_1_150' title='bbox 813 1395 1096 1436; x_wconf 90' lang='lat' dir='ltr'><strong>CICERONI</strong></span> <span class='ocrx_word' id='word_1_151' title='bbox 1125 1396 1165 1435; x_wconf 88' lang='lat' dir='ltr'><strong>S.</strong></span> 
     </span>
    </p>
   </div>
   <div class='ocr_carea' id='block_1_6' title="bbox 228 1503 1353 1719">
    <p class='ocr_par' dir='ltr' id='par_1_9' title="bbox 228 1503 1353 1719">
     <span class='ocr_line' id='line_1_23' title="bbox 285 1503 1352 1554; baseline -0.001 -13"><span class='ocrx_word' id='word_1_152' title='bbox 285 1503 610 1554; x_wconf 84' lang='lat' dir='ltr'><strong>(Argumentum.</strong></span> <span class='ocrx_word' id='word_1_153' title='bbox 623 1525 676 1535; x_wconf 94' lang='lat'>—</span> <span class='ocrx_word' id='word_1_154' title='bbox 689 1504 829 1543; x_wconf 82' lang='lat' dir='ltr'><strong>Scribit</strong></span> <span class='ocrx_word' id='word_1_155' title='bbox 846 1504 894 1543; x_wconf 90' lang='lat' dir='ltr'><strong>de</strong></span> <span class='ocrx_word' id='word_1_156' title='bbox 911 1504 1004 1544; x_wconf 86' lang='lat' dir='ltr'><strong>belli</strong></span> <span class='ocrx_word' id='word_1_157' title='bbox 1016 1503 1186 1543; x_wconf 86' lang='lat' dir='ltr'>Parthici</span> <span class='ocrx_word' id='word_1_158' title='bbox 1198 1513 1352 1546; x_wconf 85' lang='lat' dir='ltr'><strong>rumore</strong></span> 
     </span>
     <span class='ocr_line' id='line_1_24' title="bbox 229 1556 1353 1611; baseline 0 -16"><span class='ocrx_word' id='word_1_159' title='bbox 229 1556 271 1594; x_wconf 90' lang='grc'><strong>111</strong></span> <span class='ocrx_word' id='word_1_160' title='bbox 289 1559 421 1596; x_wconf 87' lang='lat' dir='ltr'><strong>Urbe:</strong></span> <span class='ocrx_word' id='word_1_161' title='bbox 443 1558 490 1596; x_wconf 91' lang='lat' dir='ltr'><strong>de</strong></span> <span class='ocrx_word' id='word_1_162' title='bbox 505 1559 707 1609; x_wconf 86' lang='lat' dir='ltr'><strong>provinciis</strong></span> <span class='ocrx_word' id='word_1_163' title='bbox 726 1559 821 1610; x_wconf 89' lang='lat' dir='ltr'><strong>quid</strong></span> <span class='ocrx_word' id='word_1_164' title='bbox 835 1566 946 1611; x_wconf 85' lang='lat' dir='ltr'><strong>putet</strong></span> <span class='ocrx_word' id='word_1_165' title='bbox 963 1566 1093 1597; x_wconf 82' lang='lat' dir='ltr'><strong>actum</strong></span> <span class='ocrx_word' id='word_1_166' title='bbox 1111 1558 1182 1596; x_wconf 89' lang='grc'><strong>111·</strong></span> <span class='ocrx_word' id='word_1_167' title='bbox 1208 1557 1259 1596; x_wconf 91' lang='lat' dir='ltr'><strong>de</strong></span> <span class='ocrx_word' id='word_1_168' title='bbox 1271 1556 1353 1596; x_wconf 90' lang='lat' dir='ltr'><strong>Cu·</strong></span> 
     </span>
     <span class='ocr_line' id='line_1_25' title="bbox 228 1610 1349 1665; baseline 0.001 -16"><span class='ocrx_word' id='word_1_169' title='bbox 228 1611 344 1650; x_wconf 79' lang='lat' dir='ltr'><strong>rionis</strong></span> <span class='ocrx_word' id='word_1_170' title='bbox 356 1612 502 1650; x_wconf 87' lang='lat' dir='ltr'><strong>actione</strong></span> <span class='ocrx_word' id='word_1_171' title='bbox 521 1613 618 1651; x_wconf 88' lang='grc'><strong>81183</strong></span> <span class='ocrx_word' id='word_1_172' title='bbox 637 1613 883 1665; x_wconf 87' lang='lat' dir='ltr'><strong>Campanum</strong></span> <span class='ocrx_word' id='word_1_173' title='bbox 894 1625 1046 1665; x_wconf 83' lang='lat' dir='ltr'><strong>agrurn,</strong></span> <span class='ocrx_word' id='word_1_174' title='bbox 1061 1612 1109 1651; x_wconf 91' lang='lat' dir='ltr'><strong>de</strong></span> <span class='ocrx_word' id='word_1_175' title='bbox 1123 1625 1193 1652; x_wconf 90' lang='lat' dir='ltr'><strong>suo</strong></span> <span class='ocrx_word' id='word_1_176' title='bbox 1207 1610 1349 1657; x_wconf 86' lang='lat' dir='ltr'><strong>studio,</strong></span> 
     </span>
     <span class='ocr_line' id='line_1_26' title="bbox 228 1666 956 1719; baseline 0.005 -16"><span class='ocrx_word' id='word_1_177' title='bbox 228 1677 278 1704; x_wconf 90' lang='lat' dir='ltr'><strong>ne</strong></span> <span class='ocrx_word' id='word_1_178' title='bbox 297 1666 469 1705; x_wconf 87' lang='lat' dir='ltr'><strong>Ciceroni</strong></span> <span class='ocrx_word' id='word_1_179' title='bbox 487 1666 683 1718; x_wconf 88' lang='lat' dir='ltr'><strong>provincia</strong></span> <span class='ocrx_word' id='word_1_180' title='bbox 699 1674 956 1719; x_wconf 84' lang='lat' dir='ltr'><strong>prorogetur.)</strong></span> 
     </span>
    </p>
   </div>
   <div class='ocr_carea' id='block_1_7' title="bbox 736 1747 845 1755">
    <p class='ocr_par' dir='ltr' id='par_1_10' title="bbox 736 1747 845 1755">
     <span class='ocr_line' id='line_1_27' title="bbox 736 1747 845 1755; baseline 0 0"><span class='ocrx_word' id='word_1_181' title='bbox 736 1747 845 1755; x_wconf 95' lang='lat' dir='ltr'><strong> </strong></span> 
     </span>
    </p>
   </div>
   <div class='ocr_carea' id='block_1_8' title="bbox 218 1774 1348 2260">
    <p class='ocr_par' dir='ltr' id='par_1_11' title="bbox 218 1774 1348 2259">
     <span class='ocr_line' id='line_1_28' title="bbox 284 1774 1348 1826; baseline 0.003 -14"><span class='ocrx_word' id='word_1_182' title='bbox 284 1774 385 1812; x_wconf 84' lang='lat' dir='ltr'><strong>Sane</strong></span> <span class='ocrx_word' id='word_1_183' title='bbox 396 1787 514 1826; x_wconf 89' lang='lat' dir='ltr'><strong>quam</strong></span> <span class='ocrx_word' id='word_1_184' title='bbox 527 1775 646 1814; x_wconf 89' lang='lat' dir='ltr'><strong>literis</strong></span> <span class='ocrx_word' id='word_1_185' title='bbox 663 1775 708 1815; x_wconf 88' lang='lat' dir='ltr'><strong>C.</strong></span> <span class='ocrx_word' id='word_1_186' title='bbox 725 1776 848 1815; x_wconf 87' lang='lat' dir='ltr'><strong>Cassii</strong></span> <span class='ocrx_word' id='word_1_187' title='bbox 861 1784 899 1815; x_wconf 91' lang='lat' dir='ltr'><strong>et</strong></span> <span class='ocrx_word' id='word_1_188' title='bbox 913 1775 1085 1815; x_wconf 79' lang='lat' dir='ltr'><strong>Deiotari</strong></span> <span class='ocrx_word' id='word_1_189' title='bbox 1099 1788 1233 1815; x_wconf 90' lang='lat' dir='ltr'><strong>sumus</strong></span> <span class='ocrx_word' id='word_1_190' title='bbox 1243 1788 1348 1816; x_wconf 79' lang='lat' dir='ltr'><strong>oom-</strong></span> 
     </span>
     <span class='ocr_line' id='line_1_29' title="bbox 227 1828 1347 1883; baseline 0.004 -18"><span class='ocrx_word' id='word_1_191' title='bbox 227 1828 336 1866; x_wconf 86' lang='lat' dir='ltr'><strong>moti.</strong></span> <span class='ocrx_word' id='word_1_192' title='bbox 367 1829 475 1867; x_wconf 86' lang='lat' dir='ltr'><strong>Nam</strong></span> <span class='ocrx_word' id='word_1_193' title='bbox 494 1830 648 1869; x_wconf 85' lang='lat' dir='ltr'><strong>Cassius</strong></span> <span class='ocrx_word' id='word_1_194' title='bbox 666 1830 719 1869; x_wconf 90' lang='lat' dir='ltr'><strong>eis</strong></span> <span class='ocrx_word' id='word_1_195' title='bbox 731 1831 959 1883; x_wconf 85' lang='lat' dir='ltr'><strong>Euphraten</strong></span> <span class='ocrx_word' id='word_1_196' title='bbox 973 1830 1100 1882; x_wconf 86' lang='lat' dir='ltr'><strong>copias</strong></span> <span class='ocrx_word' id='word_1_197' title='bbox 1113 1830 1347 1869; x_wconf 85' lang='lat' dir='ltr'><strong>Parthorum</strong></span> 
     </span>
     <span class='ocr_line' id='line_1_30' title="bbox 228 1883 1347 1936; baseline 0.003 -16"><span class='ocrx_word' id='word_1_198' title='bbox 228 1894 309 1920; x_wconf 91' lang='lat' dir='ltr'><strong>esse</strong></span> <span class='ocrx_word' id='word_1_199' title='bbox 327 1883 501 1934; x_wconf 85' lang='lat' dir='ltr'><strong>scripsit;</strong></span> <span class='ocrx_word' id='word_1_200' title='bbox 531 1884 751 1932; x_wconf 74' lang='lat' dir='ltr'><strong>Deiotarus,</strong></span> <span class='ocrx_word' id='word_1_201' title='bbox 770 1885 956 1936; x_wconf 73' lang='lat' dir='ltr'><strong>profectas</strong></span> <span class='ocrx_word' id='word_1_202' title='bbox 973 1897 1041 1936; x_wconf 85' lang='lat' dir='ltr'><strong>per</strong></span> <span class='ocrx_word' id='word_1_203' title='bbox 1059 1884 1347 1936; x_wconf 82' lang='lat' dir='ltr'><strong>Commagenen</strong></span> 
     </span>
     <span class='ocr_line' id='line_1_31' title="bbox 224 1935 1346 1990; baseline 0.004 -17"><span class='ocrx_word' id='word_1_204' title='bbox 224 1935 265 1973; x_wconf 90' lang='lat' dir='ltr'><strong>in</strong></span> <span class='ocrx_word' id='word_1_205' title='bbox 283 1937 518 1988; x_wconf 87' lang='lat' dir='ltr'><strong>provinciam</strong></span> <span class='ocrx_word' id='word_1_206' title='bbox 537 1946 718 1976; x_wconf 85' lang='lat' dir='ltr'><strong>nostram.</strong></span> <span class='ocrx_word' id='word_1_207' title='bbox 739 1938 826 1990; x_wconf 87' lang='lat' dir='ltr'><strong>Ego</strong></span> <span class='ocrx_word' id='word_1_208' title='bbox 840 1939 999 1990; x_wconf 87' lang='lat' dir='ltr'><strong>quidem</strong></span> <span class='ocrx_word' id='word_1_209' title='bbox 1013 1939 1253 1990; x_wconf 86' lang='lat' dir='ltr'><strong>praecipuum</strong></span> <span class='ocrx_word' id='word_1_210' title='bbox 1263 1951 1346 1977; x_wconf 90' lang='lat' dir='ltr'><strong>me-</strong></span> 
     </span>
     <span class='ocr_line' id='line_1_32' title="bbox 224 1992 1345 2045; baseline 0.004 -18"><span class='ocrx_word' id='word_1_211' title='bbox 224 1996 324 2039; x_wconf 83' lang='lat' dir='ltr'><strong>tum,</strong></span> <span class='ocrx_word' id='word_1_212' title='bbox 345 1992 449 2043; x_wconf 90' lang='lat' dir='ltr'><strong>quod</strong></span> <span class='ocrx_word' id='word_1_213' title='bbox 468 1992 518 2030; x_wconf 87' lang='lat' dir='ltr'><strong>ad</strong></span> <span class='ocrx_word' id='word_1_214' title='bbox 534 1999 572 2030; x_wconf 87' lang='lat' dir='ltr'><strong>te</strong></span> <span class='ocrx_word' id='word_1_215' title='bbox 590 1992 790 2039; x_wconf 79' lang='lat' dir='ltr'><strong>attinebat,</strong></span> <span class='ocrx_word' id='word_1_216' title='bbox 819 1993 952 2039; x_wconf 89' lang='lat' dir='ltr'><strong>habui,</strong></span> <span class='ocrx_word' id='word_1_217' title='bbox 974 1993 1041 2045; x_wconf 89' lang='lat' dir='ltr'><strong>qui</strong></span> <span class='ocrx_word' id='word_1_218' title='bbox 1060 1993 1210 2041; x_wconf 87' lang='lat' dir='ltr'><strong>scirem,</strong></span> <span class='ocrx_word' id='word_1_219' title='bbox 1226 2006 1345 2044; x_wconf 81' lang='lat' dir='ltr'><strong>quam</strong></span> 
     </span>
     <span class='ocr_line' id='line_1_33' title="bbox 222 2046 1345 2108; baseline 0.005 -26"><span class='ocrx_word' id='word_1_220' title='bbox 222 2052 378 2095; x_wconf 87' lang='lat' dir='ltr'><strong>paratus</strong></span> <span class='ocrx_word' id='word_1_221' title='bbox 389 2047 437 2084; x_wconf 87' lang='lat' dir='ltr'><strong>ab</strong></span> <span class='ocrx_word' id='word_1_222' title='bbox 453 2046 619 2084; x_wconf 84' lang='lat' dir='ltr'><strong>exercitu</strong></span> <span class='ocrx_word' id='word_1_223' title='bbox 635 2059 746 2095; x_wconf 88' lang='lat' dir='ltr'><strong>esses,</strong></span> <span class='ocrx_word' id='word_1_224' title='bbox 759 2059 807 2085; x_wconf 93' lang='lat' dir='ltr'><strong>ne</strong></span> <span class='ocrx_word' id='word_1_225' title='bbox 821 2047 926 2099; x_wconf 88' lang='lat' dir='ltr'><strong>quod</strong></span> <span class='ocrx_word' id='word_1_226' title='bbox 939 2047 1002 2086; x_wconf 89' lang='lat' dir='ltr'><strong>hic</strong></span> <span class='ocrx_word' id='word_1_227' title='bbox 1016 2047 1207 2086; x_wconf 88' lang='lat' dir='ltr'><strong>tumultus</strong></span> <span class='ocrx_word' id='word_1_228' title='bbox 1219 2047 1345 2108; x_wconf 75' lang='lat' dir='ltr'><strong>digni-</strong></span> 
     </span>
     <span class='ocr_line' id='line_1_34' title="bbox 220 2099 1343 2163; baseline 0.004 -27"><span class='ocrx_word' id='word_1_229' title='bbox 220 2099 292 2136; x_wconf 81' lang='lat' dir='ltr'><strong>tati</strong></span> <span class='ocrx_word' id='word_1_230' title='bbox 310 2106 387 2137; x_wconf 89' lang='lat' dir='ltr'><strong>tuae</strong></span> <span class='ocrx_word' id='word_1_231' title='bbox 404 2100 618 2151; x_wconf 72' lang='lat' dir='ltr'><strong>periculum</strong></span> <span class='ocrx_word' id='word_1_232' title='bbox 632 2100 793 2139; x_wconf 83' lang='lat' dir='ltr'><strong>afferret.</strong></span> <span class='ocrx_word' id='word_1_233' title='bbox 820 2102 928 2140; x_wconf 88' lang='lat' dir='ltr'><strong>Nam</strong></span> <span class='ocrx_word' id='word_1_234' title='bbox 946 2101 995 2140; x_wconf 90' lang='lat' dir='ltr'><strong>de</strong></span> <span class='ocrx_word' id='word_1_235' title='bbox 1013 2100 1106 2150; x_wconf 84' lang='lat' dir='ltr'><strong>vita,</strong></span> <span class='ocrx_word' id='word_1_236' title='bbox 1126 2101 1158 2140; x_wconf 91' lang='lat' dir='ltr'><strong>si</strong></span> <span class='ocrx_word' id='word_1_237' title='bbox 1174 2101 1343 2163; x_wconf 87' lang='lat' dir='ltr'><strong>paratior</strong></span> 
     </span>
     <span class='ocr_line' id='line_1_35' title="bbox 218 2153 1341 2207; baseline 0.004 -17"><span class='ocrx_word' id='word_1_238' title='bbox 218 2153 268 2190; x_wconf 88' lang='lat' dir='ltr'><strong>ab</strong></span> <span class='ocrx_word' id='word_1_239' title='bbox 298 2154 464 2193; x_wconf 86' lang='lat' dir='ltr'><strong>exercitu</strong></span> <span class='ocrx_word' id='word_1_240' title='bbox 498 2167 608 2203; x_wconf 89' lang='lat' dir='ltr'><strong>esses,</strong></span> <span class='ocrx_word' id='word_1_241' title='bbox 639 2155 881 2194; x_wconf 87' lang='lat' dir='ltr'><strong>timuissem.</strong></span> <span class='ocrx_word' id='word_1_242' title='bbox 910 2167 1014 2194; x_wconf 88' lang='lat' dir='ltr'><strong>nunc</strong></span> <span class='ocrx_word' id='word_1_243' title='bbox 1040 2155 1122 2195; x_wconf 83' lang='lat' dir='ltr'><strong>haec</strong></span> <span class='ocrx_word' id='word_1_244' title='bbox 1152 2155 1341 2207; x_wconf 81' lang='lat' dir='ltr'><strong>exiguitas</strong></span> 
     </span>
     <span class='ocr_line' id='line_1_36' title="bbox 219 2206 1337 2260; baseline 0.004 -16"><span class='ocrx_word' id='word_1_245' title='bbox 219 2206 416 2258; x_wconf 82' lang='lat' dir='ltr'><strong>copiarum</strong></span> <span class='ocrx_word' id='word_1_246' title='bbox 445 2221 647 2258; x_wconf 69' lang='lat' dir='ltr'><strong>recessum,</strong></span> <span class='ocrx_word' id='word_1_247' title='bbox 679 2221 756 2249; x_wconf 88' lang='lat' dir='ltr'><strong>non</strong></span> <span class='ocrx_word' id='word_1_248' title='bbox 785 2209 1070 2260; x_wconf 85' lang='lat' dir='ltr'><strong>dimicationem</strong></span> <span class='ocrx_word' id='word_1_249' title='bbox 1091 2209 1188 2250; x_wconf 89' lang='lat' dir='ltr'><strong>mihi</strong></span> <span class='ocrx_word' id='word_1_250' title='bbox 1212 2217 1337 2259; x_wconf 84' lang='lat' dir='ltr'><strong>tuam,</strong></span> 
     </span>
    </p>
   </div>
  </div>
 </body>
</html>
