1501 2407
315 102 399 142 AD
427 102 722 144 DIVERSOS.
753 102 852 143 1113.
883 104 958 144 VI.
991 106 1052 144 10.
1167 108 1242 153 167

124 211 274 265 magnis
284 212 380 252 meis
391 213 579 252 veteribus
593 212 738 262 officiis,
751 225 814 252 me
825 213 1026 265 diligenter
1038 216 1240 255 observant

122 273 160 306 et
178 268 318 307 colunt·

177 321 327 373 Itaque,
348 320 379 360 si
397 320 465 372 qui
483 319 580 359 mihi
603 320 674 360 erit
691 320 816 360 aditus
835 321 882 360 de
900 322 978 361 tuis
999 322 1176 373 fortunis,
1196 322 1237 363 id

121 382 190 425 est,
210 375 257 414 de
275 376 343 414 tua
360 375 635 423 incolumitate,
659 375 699 413 in
720 375 799 427 qua
827 384 917 414 sunt
935 377 1078 427 omnia,
1098 378 1237 430 agendi

119 429 240 481 (quod
259 429 414 482 quidem
433 429 602 481 quotidie
627 430 749 480 magis
768 443 816 468 ex
836 444 965 468 eorum
995 433 1235 471 sermonibus

119 484 286 523 adducor
313 492 358 522 ut
388 482 570 536 sperem),
602 496 715 534 agam
733 497 801 535 per
819 497 882 522 me
904 485 997 536 ipse,
1024 490 1063 524 'et
1082 487 1233 525 moliar.

118 537 280 589 Singula
293 537 467 590 persequi
479 550 556 576 non
568 545 623 576 est
635 550 804 576 neeesse:
827 539 1047 577 universum
1060 541 1230 579 studium

116 605 249 631 meum
261 599 298 631 et
315 592 618 630 benevolentiam
632 591 681 630 ad
692 600 729 630 te
744 592 882 631 defero.
913 593 988 632 Sed
999 595 1131 645 magni
1145 595 1234 633 mea

115 646 282 696 interest,
302 646 374 685 hoc
392 653 478 684 tuos
504 658 635 685 omnes
655 646 761 695 scire,
790 647 893 698 quod
920 646 995 685 tuis
1013 648 1130 687 literis
1148 649 1232 687 fieri

115 708 264 752 potest3
293 708 338 739 ut
354 700 583 751 intelligant,
615 700 745 739 omnia
764 701 955 740 Ciceronis
982 709 1112 753 patere
1133 703 1232 741 Tre-

113 755 239 793 biano.
270 755 357 793 Hoc
373 768 415 793 eo
435 754 612 806 pertinet,
637 761 682 792 ut
699 755 796 793 nihil
816 754 1034 794 existiment
1053 770 1131 794 esse
1149 766 1231 795 tam

113 808 278 857 difficile,
292 809 396 861 quod
414 821 505 857 non,
525 821 596 860 pro
607 816 644 848 te
657 809 755 847 mihi
767 817 1000 861 susceptum,
1010 810 1228 860 jucundum

111 862 160 902 sit
177 863 367 901 futurum.

161 918 293 956 Antea
311 917 499 955 misissem
527 917 576 955 ad
598 924 635 955 te
663 917 806 965 literas,
833 918 864 956 si
891 930 1013 969 genus
1041 918 1231 958 scribendi

108 971 342 1010 invenirem:
374 971 442 1010 tali
461 971 562 1009 enim
583 979 766 1023 tempore,
793 979 860 1010 aut
887 973 1071 1011 consolari
1089 974 1232 1012 amico-

107 1039 197 1065 rum
216 1032 284 1074 est,
300 1033 368 1064 aut
381 1025 561 1077 polliceri.
592 1025 859 1065 Consolatione
870 1039 946 1064 non
958 1029 1106 1075 utebar,
1121 1027 1226 1079 quod

107 1093 157 1118 ex
175 1080 307 1119 multis
325 1079 542 1127 audiebam,
564 1093 681 1132 quam
700 1080 847 1119 fortiter
866 1081 1130 1132 sapienterque
1150 1082 1228 1120 fer-

106 1147 166 1173 res
194 1134 376 1183 injuriam
408 1142 638 1185 temporum,
677 1147 874 1186 quamque
910 1142 948 1173 te
983 1135 1228 1174 vehementer

107 1189 362 1228 consolaretur
381 1188 606 1226 conscientia
624 1188 812 1227 factorum
832 1196 868 1227 et
883 1189 1124 1227 consiliorum
1141 1197 1228 1228 tuo-

105 1255 218 1281 rum:
248 1242 353 1293 quod
372 1242 529 1294 quidem
547 1242 579 1280 si
605 1242 713 1290 facis,
741 1255 929 1293 magnum
947 1243 1117 1281 fructum
1143 1250 1226 1282 stu-

105 1296 256 1335 diorum
286 1296 521 1348 optimorum
551 1297 667 1348 capis,
699 1297 739 1334 in
760 1297 900 1348 quibus
926 1303 962 1335 te
981 1310 1130 1349 semper
1149 1298 1226 1336 scio

104 1363 183 1390 esse
200 1357 419 1389 versatum:
448 1350 565 1402 idque
583 1358 627 1388 ut
645 1350 773 1397 facias,
795 1350 909 1389 etiam
929 1357 1045 1402 atque
1057 1352 1171 1389 etiam
1183 1359 1223 1390 te

101 1405 243 1444 hortor.
273 1403 400 1444 Simul
419 1411 457 1443 et
473 1404 572 1443 illud
585 1404 670 1452 tibi,
683 1404 831 1443 homini
848 1404 1079 1456 peritissimo
1091 1418 1221 1444 rerum

100 1467 139 1498 et
157 1460 420 1510 exemplorum
441 1465 478 1497 et
496 1459 621 1497 omnis
640 1458 850 1507 vetustatis,
880 1471 928 1497 ne
951 1459 1033 1510 ipse
1063 1460 1221 1511 quidem

99 1513 218 1563 rudis,
236 1513 313 1551 -sed
341 1513 382 1551 in
416 1513 542 1551 studio
569 1513 699 1551 minus
728 1513 886 1552 fortasse
916 1527 1033 1565 quarn
1066 1515 1221 1562 vellem,

98 1574 138 1607 at
155 1567 196 1606 in
220 1569 334 1606 rebus
353 1574 469 1619 atque
487 1581 561 1606 usu
575 1568 663 1619 plus
679 1567 793 1606 etiam
820 1580 938 1619 quam
959 1568 1111 1616 vellem,
1136 1581 1222 1607 ver-

97 1628 215 1671 satus,
247 1621 427 1673 spondeo,
455 1621 525 1660 tibi
553 1621 666 1660 istam
698 1621 941 1660 acerbitatem
971 1628 1008 1660 et
1036 1622 1220 1671 injuriam

94 1688 173 1715 non
204 1675 427 1714 diuturnam
455 1676 547 1714 fore.
578 1676 685 1714 Nam
716 1682 753 1714 et
783 1676 877 1727 ipse,
911 1675 978 1727 qui
1002 1676 1219 1727 plurimum

95 1737 232 1782 potest,
253 1730 422 1782 quotidie
446 1730 543 1768 mihi
569 1730 695 1768 delabi
720 1729 769 1768 ad
788 1729 1007 1782 aequitatem
1033 1737 1070 1768 et
1089 1730 1139 1768 ad
1156 1743 1217 1768 re-

93 1797 184 1823 rum
213 1791 391 1822 naturam
408 1783 582 1822 videtur:
614 1792 650 1822 et
675 1784 758 1836 ipsa
776 1797 888 1823 causa
907 1797 951 1822 ea
969 1790 1038 1831 est,
1066 1791 1111 1822 ut
1133 1785 1218 1834 jam

96 1839 212 1878 simul
231 1851 320 1877 cum
337 1838 533 1890 republica
553 1839 659 1890 (quae
676 1838 717 1876 in
735 1845 964 1890 perpetuum
988 1839 1113 1888 jacere
1137 1850 1216 1876 non

95 1891 240 1945 potest)
259 1892 464 1931 necessario
492 1893 689 1931 reviviscat
710 1899 827 1944 atque
845 1898 1057 1931 recreetur:
1089 1892 1217 1944 quoti-

96 1947 234 1999 dieque
251 1946 398 1998 aliquid
417 1946 460 1985 fit
476 1946 601 1985 lenius
629 1954 666 1984 et
683 1946 891 1994 liberalius,
919 1959 1036 1998 quam
1055 1945 1218 1985 timeba-

95 2013 198 2040 mus.
241 2001 342 2049 Quae
374 2001 559 2053 quoniam
586 2000 628 2038 in
656 2007 875 2052 temporum
904 1999 1216 2038 inclinationibus

94 2068 196 2107 saepe
214 2054 339 2107 parvis
356 2055 482 2106 posita
509 2061 612 2103 sunt,
638 2055 767 2093 omnia
785 2062 982 2092 momenta
999 2054 1217 2092 observabi-

94 2122 212 2156 mus;
241 2122 366 2160 neque
394 2109 522 2147 ullum
550 2109 884 2163 praetermittemus
905 2108 964 2148 tui
988 2107 1152 2158 juvandi
1177 2115 1215 2146 et

92 2163 244 2204 levandi
260 2164 402 2202 locum.

146 2218 286 2271 Itaque
304 2216 402 2257 illud
426 2218 587 2258 alterum
610 2218 733 2270 (quod
751 2216 853 2268 dixi)
872 2217 1069 2257 literarum
1089 2228 1219 2267 genus
