1481 2422
288 110 373 151 AD
400 110 700 153 mvmzsos.
728 84 929 152 nmsxr.
961 113 1028 152 28.
1146 113 1228 154 355

95 233 180 261 nor.
221 220 352 259 Aiunt
381 221 500 270 enim,
533 222 699 274 patriam
726 221 905 261 amicitiae
927 222 1228 274 praeponendam

80 289 204 322 esse3
233 275 394 327 proinde
418 289 462 314 ac
480 276 513 314 si
528 277 611 327 jam
631 277 800 321 vicerint,
827 277 977 315 obitum
998 278 1082 327 ejus
1098 276 1228 330 reipu-

93 330 205 369 blicae
222 329 341 369 fuisse
369 330 516 370 utilem.
560 331 637 370 Sed
662 344 740 370 non
759 344 874 383 agam
893 338 1028 370 astute.
1070 332 1224 382 Fateor,

91 397 157 423 me
175 384 360 448 &istum
387 386 553 437 gradum
571 386 765 438 sapientiae
783 399 862 424 non
881 386 1108 438 pervenisse.
1140 387 1224 426 Ne-

92 452 170 491 que
189 439 293 478 enim
312 440 504 479 Caesarem
515 441 557 478 in
571 441 803 479 dissensione
815 441 917 479 civili
931 453 1019 479 sum
1038 448 1191 480 secutus
1207 455 1220 488 3

91 493 157 532 sed
185 494 370 543 amicum,
386 508 632 548 quamquam
658 508 699 534 re
732 495 964 543 offendebar,
993 502 1124 533 tamen
1144 508 1223 534 non

88 548 265 587 deserui:
286 562 413 601 neque
430 550 579 589 bellum
593 563 769 602 unquam
780 550 905 595 civile,
919 557 986 588 aut
1001 549 1116 588 etiam
1132 563 1223 589 cau-

89 616 174 642 sam
199 603 457 653 dissensionis,
492 605 676 657 probavi3
707 618 827 657 quam
856 605 972 643 etiam
1001 612 1220 644 nascentem

88 658 298 710 exstingui,
319 672 471 698 summe
486 660 629 699 studui.

144 713 298 766 Itaque,
311 714 352 752 in
367 714 526 754 victoria
544 715 712 754 hominis
727 713 941 761 necessarii,
955 727 1080 767 neque
1097 715 1221 754 hono-

89 767 142 807 ris
173 781 300 821 neque
331 770 506 821 pecuniae
535 770 737 809 dulcedine
768 783 855 809 sum
888 777 1047 822 captus;
1078 770 1221 822 quibus

89 824 258 875 praemiis
283 824 423 876 reliqui
445 825 594 877 (minus
613 824 718 876 apud
743 837 849 873 eum,
882 839 1001 878 quam
1021 839 1105 877 ego,
1127 838 1218 864 cum

88 886 259 930 possent)
289 878 541 918 immoderate
567 888 657 918 sunt
684 880 805 919 abusi.
852 881 989 932 Atque
1019 880 1135 918 etiam
1160 893 1220 918 res

86 932 288 972 familiaris
324 946 412 972 mea
436 934 521 986 lege
555 934 716 973 Caesaris
745 934 945 973 deminuta
978 941 1059 980 est3
1104 936 1217 985 cujus

82 988 267 1028 beneficio
293 988 481 1041 plerique,
509 989 578 1042 qui
597 989 759 1028 Caesaris
788 998 911 1028 morte
935 989 1130 1039 laetantur,
1158 1003 1219 1028 re-

82 1051 308 1082 manserunt
331 1043 373 1082 in
398 1044 562 1083 civitate.
608 1044 768 1083 Civibus
787 1044 896 1083 victis
914 1052 959 1083 ut
983 1052 1217 1097 parceretur,

83 1111 208 1151 aeque,
229 1112 273 1138 ac
292 1111 362 1151 pro
376 1099 467 1137 mea
484 1100 620 1147 salute,
640 1099 823 1138 laboravi.

139 1156 307 1195 Possum
336 1154 469 1205 igitur,
494 1154 564 1206 qui
601 1166 734 1193 omnes
769 1154 958 1193 voluerim
987 1153 1215 1205 incolumes,

83 1224 189 1259 eum,
203 1223 227 1249 a
240 1222 318 1262 quo
329 1209 371 1247 id
381 1209 632 1261 impetratum
646 1217 715 1256 est,
729 1209 884 1261 periisse
898 1221 976 1247 non
990 1209 1184 1261 indignari
1202 1225 1215 1257 ;

81 1279 173 1306 cum
187 1264 399 1317 praesertim
416 1264 534 1302 iidem
546 1264 721 1302 homines
740 1263 797 1301 illi
812 1272 849 1303 et
867 1263 1023 1302 invidiae
1041 1272 1079 1302 et
1098 1264 1217 1304 exitio

80 1321 253 1360 fuerint?
285 1318 468 1358 Plecteris
490 1332 594 1370 ergo,
614 1319 812 1371 inquiunt,
842 1332 933 1358 cum
958 1318 1104 1357 factum
1125 1331 1215 1359 nos-

80 1384 186 1415 trum
205 1375 423 1427 improbare
441 1373 572 1412 audes.

135 1430 175 1470 O
195 1428 417 1482 superbiam
436 1428 677 1467 inauditam!
710 1428 804 1468 alios
831 1428 873 1467 in
900 1428 1067 1468 facinore
1096 1429 1214 1480 glori-

79 1486 152 1533 ari,
171 1484 257 1523 aliis
275 1496 324 1522 ne
342 1484 470 1523 dolere
496 1483 654 1535 quidem
671 1482 864 1535 impunite
886 1484 999 1522 licere
1015 1484 1023 1521 !
1057 1484 1113 1522 At
1131 1484 1214 1524 haec

77 1541 196 1580 etiam
224 1539 341 1578 servis
371 1551 522 1590 semper
550 1538 673 1577 libera
700 1537 873 1586 fuerunt,
894 1538 1088 1587 timerent,
1117 1553 1215 1591 gau-

78 1595 226 1643 derent,
246 1594 432 1642 dolerent,
452 1606 521 1632 suo
549 1593 678 1645 potius
699 1606 819 1645 quam
845 1592 1000 1631 alterius
1028 1594 1185 1633 arbitrio
1199 1609 1211 1633 ε

79 1663 168 1703 quae
185 1661 304 1697 nune,
325 1656 370 1687 ut
387 1647 546 1700 quidem
572 1647 637 1686 isti
661 1647 838 1686 dictitant
862 1647 1049 1686 libertatis
1080 1657 1213 1688 aucto-

77 1718 152 1752 res,
167 1710 277 1742 metu
288 1703 398 1742 nobis
410 1710 636 1754 extorquere
647 1710 846 1741 conantur.
877 1702 952 1740 Sed
965 1702 1063 1741 nihil
1075 1711 1210 1755 agunt.

79 1759 243 1798 Nullius
257 1771 435 1810 unquam
452 1757 613 1809 periculi
630 1757 838 1796 terroribus
857 1758 906 1795 ab
932 1757 1055 1796 officio
1074 1766 1142 1797 aut
1160 1760 1210 1798 ab

77 1813 322 1853 humanitate
354 1812 574 1851 desciscam.
623 1812 842 1864 Nunquam
872 1811 976 1850 enim
1007 1813 1211 1853 honestam

77 1876 243 1908 mortem
261 1867 502 1919 fugiendam,
520 1880 620 1918 saepe
638 1866 754 1904 etiam
769 1866 1041 1918 oppetendam,
1062 1869 1210 1919 putavi.

130 1923 211 1963 sed
235 1922 331 1975 quid
349 1922 448 1960 mihi
466 1928 702 1969 succensent,
732 1920 765 1960 si
782 1921 823 1958 id
842 1928 946 1973 opto,
967 1929 1012 1959 ut
1029 1923 1212 1973 poeniteat

79 1991 143 2018 eos
161 1977 222 2016 sui
239 1977 364 2016 facti?
395 1976 522 2028 Cupio
551 1976 669 2024 enim,
699 1975 862 2015 Caesaris
886 1983 1051 2015 mortem
1081 1978 1209 2016 omni-

75 2035 150 2072 bus
162 2045 241 2070 esse
252 2033 441 2070 acerbam.
471 2031 531 2069 At
544 2030 678 2079 debeo,
699 2044 770 2083 pro
788 2030 891 2069 civili
908 2038 1032 2082 parte,
1052 2044 1210 2083 rempu-

77 2087 221 2126 blicam
239 2086 338 2125 velle
356 2086 517 2124 salvam.
558 2085 609 2124 Id
638 2085 797 2137 quidem
814 2098 880 2123 me
898 2098 1050 2137 cupere,
1071 2086 1145 2124 nisi
1171 2094 1209 2126 et

77 2149 167 2181 ante
186 2148 271 2180 acta
289 2141 382 2189 vita,
403 2148 441 2179 et
462 2140 612 2192 reliqua
628 2153 717 2179 mea
731 2153 829 2192 ερας,
856 2146 1003 2178 tacente
1021 2152 1099 2189 me,
1118 2154 1211 2192 pro-

75 2198 158 2247 bat,
174 2195 336 2236 dicendo
353 2195 503 2235 vincere
520 2208 598 2236 non
617 2195 784 2247 postulo.
814 2194 949 2244 Quare
966 2195 1154 2246 majorem
1165 2195 1207 2238 in
