1481 2422
320 130 405 170 AD
435 129 738 172 DIVERSOS.
768 129 870 170 LIB.
892 129 947 172 X.
983 131 1042 177 17.
1163 131 1244 170 299

99 238 220 288 enim,
249 239 443 293 frequenti
476 248 626 289 senatu,
658 241 848 289 Cornuto,
883 254 974 281 cum
1006 240 1040 280 is
1076 235 1237 293 frigidas

101 307 193 333 sane
224 302 262 333 et
291 295 549 335 inconstantes
579 296 774 335 recitasset
801 296 930 336 literas
959 295 1113 348 Lepidi.
1153 295 1238 335 Sub

102 361 165 387 eas
184 349 316 389 statim
341 351 507 390 recitatae
532 359 623 390 sunt
645 359 735 400 tuae,
764 363 842 390 non
869 351 949 390 sine
973 350 1126 402 magnis
1149 349 1237 401 qui-

103 402 194 442 dem
224 405 468 444 clamoribus.
513 404 614 445 Cum
648 407 762 444 rebus
793 405 898 444 enim
928 405 1021 457 ipsis
1051 412 1176 444 essent
1201 411 1239 442 et

104 457 240 497 studiis
257 460 528 513 beneficiisque
542 461 583 499 in
603 461 883 513 rempublicam
897 459 1138 512 gratissimae,
1151 466 1239 497 tum

64 554 67 556 v
104 520 213 551 erant
230 515 466 565 gravissimis
483 515 608 555 verbis
628 524 665 555 et
684 516 892 554 sententiis.

157 567 354 620 Flagitare
383 578 536 609 senatus
565 571 704 609 institit
737 570 971 619 Cornutum,
1010 576 1056 608 ut
1083 568 1241 608 referret

103 622 234 661 statim
254 623 302 663 de
321 625 396 664 tuis
414 625 546 664 literis.
580 626 669 673 Ille,
682 639 723 664 se
742 625 978 664 considerare
996 625 1104 664 velle.
1137 623 1241 662 Cum

106 676 142 716 ei
167 690 355 730 magnum
380 680 594 719 convicium
622 681 729 719 fieret
754 689 891 719 cuncto
914 694 938 719 a
956 687 1106 728 senatu,
1127 678 1242 730 quin-

107 745 185 784 que
204 733 350 773 tribuni
368 735 494 787 plebei
513 736 738 774 retulerunt.
766 735 950 774 Servilius
969 743 1139 786 rogatus,
1159 745 1242 771 rem

109 786 270 827 distulit.
300 789 388 841 Ego
413 803 499 828 eam
525 791 755 829 sententiam
780 790 875 838 dixi,
901 790 963 829 cui
989 796 1081 828 sunt
1099 786 1242 827 assensi

109 841 159 880 ad
179 855 318 882 unum.
355 844 418 883 Ea
443 858 531 897 quae
558 845 688 895 fuerit,
720 858 769 884 ex
799 847 970 884 senatus·
971 843 1146 884 consulto
1178 854 1242 881 co-

111 909 282 949 gnosces.

164 951 246 1001 Tu,
281 967 522 1006 quamquam
555 955 712 994 consilio
741 967 820 994 non
851 967 952 1006 eges,
980 954 1042 993 vel
1067 951 1243 992 abundas

110 1005 252 1069 potius,
274 1015 402 1047 tamen
422 1010 494 1048 hoc
512 1010 642 1048 animo
663 1023 742 1049 esse
761 1009 889 1055 debes,
910 1016 956 1047 ut
974 1008 1072 1047 nihil
1091 1009 1169 1047 huc
1186 1019 1246 1045 re-

108 1061 244 1111 jicias3
274 1075 383 1112 neve,
405 1065 446 1102 in
475 1067 588 1104 rebus
614 1072 694 1103 tam
720 1064 858 1103 subitis
878 1071 1038 1116 tamque
1056 1061 1244 1125 angustis,

113 1129 138 1154 a
157 1125 290 1156 senatu
309 1119 511 1158 consilium
531 1119 743 1181 petendum
761 1127 885 1182 putes.
917 1119 1009 1170 Ipse
1029 1118 1099 1157 tibi
1119 1118 1169 1156 sis
1189 1129 1247 1156 se-

112 1179 251 1210 natus:
283 1186 530 1226 quocumque
559 1182 597 1212 te
627 1174 724 1213 ratio
754 1175 809 1213 rei
833 1173 1000 1226 publicae
1030 1173 1157 1220 ducet,
1188 1185 1247 1211 50-

115 1238 247 1278 quare.
277 1228 414 1277 Cures,
441 1237 486 1267 ut
512 1236 600 1268 ante
620 1229 766 1268 factum
786 1228 934 1281 aliquid
953 1241 976 1266 a
994 1235 1032 1267 te
1051 1227 1250 1280 egregium

114 1280 334 1330 audiamus,
348 1296 468 1335 quam
487 1283 665 1323 futurum
684 1283 917 1336 putarimus.
945 1282 1054 1321 Illud
1070 1282 1141 1321 tibi
1159 1295 1248 1335 pro-

115 1335 243 1385 mitto,
275 1338 466 1390 quidquid
491 1353 515 1378 a
539 1346 576 1377 te
600 1339 670 1377 erit
692 1339 854 1386 factum,
884 1337 925 1376 id
947 1345 1138 1386 senatum,
1168 1349 1248 1375 non

115 1390 232 1428 modo
267 1401 309 1431 ut
338 1393 515 1441 fideliter,
546 1393 613 1432 sed
645 1394 763 1433 etiam
794 1401 840 1432 ut
865 1392 1055 1445 sapienter
1081 1392 1245 1441 factum,

116 1448 471 1499 comprobaturum.
501 1448 613 1488 Vale.

313 1608 434 1664 (17.)
467 1610 734 1651 PLANcUs
764 1607 1063 1650 CICERONI.

177 1718 506 1770 (Argumentum.
519 1743 575 1751 —-
591 1721 831 1760 Praesentem
849 1718 943 1758 belli
955 1724 1099 1757 statum
1115 1715 1254 1757 descri-

122 1772 195 1823 bit,
215 1786 306 1812 cum
325 1776 567 1815 excusatione
580 1776 707 1816 fratris
726 1789 750 1815 a
768 1789 807 1814 se
824 1773 986 1823 dimissi,
1002 1779 1040 1812 et
1058 1784 1254 1812 commen-

125 1827 278 1868 datione
296 1844 376 1870 suae
394 1829 624 1883 dignitatis.)

180 1937 394 1990 Antonius,
415 1940 554 1981 Idibus
573 1939 691 1990 Maii,
711 1939 761 1979 ad
779 1940 927 1979 Forum
950 1938 980 1978 J
981 1937 1052 1977 ulii
1070 1949 1161 1977 cum
1178 1935 1258 1988 pri-

126 1993 203 2033 mis
221 1995 339 2048 copiis
357 1995 473 2035 venit.
503 1995 711 2036 Ventidius
728 1994 838 2035 bidui
863 1994 987 2046 spatio
1006 1994 1113 2032 abest
1131 1993 1180 2030 ab
1200 2003 1258 2029 eo.

131 2047 306 2101 Lepidus
325 2049 375 2089 ad
387 2050 537 2090 Forum
551 2050 718 2090 Voconii
729 2057 851 2090 castra
864 2049 1008 2088 habet:
1032 2047 1102 2100 qui
1119 2046 1225 2084 locus
1236 2057 1260 2083 a

129 2103 232 2142 Foro
251 2104 281 2143 J
282 2105 354 2144 11111
371 2113 537 2158 quatuor
565 2112 603 2144 et
620 2105 758 2158 viginti
775 2103 900 2143 11111113
916 2114 1102 2156 passuum
1125 2102 1256 2139 abest:

130 2157 262 2220 ibique
280 2172 344 2200 me
363 2167 581 2213 exspectare
599 2159 808 2208 constituit,
828 2155 1189 2221 quemadmodum’
1178 2167 1261 2207 ipse

130 2211 234 2253 mihi
247 2214 407 2269 scripsit.
435 2215 556 2266 Quod
575 2215 608 2256 si
626 2214 758 2256 omnia
774 2213 873 2255 mihi
891 2213 1040 2266 integra
1058 2218 1095 2251 et
1113 2211 1210 2264 ipse,
1224 2215 1262 2248 et
