1481 2422
295 62 380 102 AD
407 61 708 103 DIVERSOS.
735 61 836 101 11113.
865 60 920 100 X.
950 61 1018 100 26.
1137 61 1220 100 313

147 170 276 210 Lectis
293 170 371 210 tuis
388 171 522 219 literis,
543 170 684 224 quibus
702 171 934 221 declarabas,
955 177 1023 209 aut
1041 169 1223 209 omitten-

93 225 163 265 dos
193 226 477 274 Narbonenses,
509 234 577 264 aut
606 239 696 264 cum
732 225 902 277 periculo
939 224 1219 275 dimicandum,

93 280 193 318 illud
212 281 335 331 magis
365 280 506 325 timui3
537 281 642 332 quod
661 280 824 318 vitatum
844 292 921 317 non
948 280 1107 317 moleste
1126 279 1220 318 fero.

93 333 214 382 Quod
232 334 280 372 de
299 335 435 373 Planci
454 341 491 372 et
510 334 627 372 Bruti
646 334 846 372 concordia
871 333 1016 381 scribis,
1036 334 1077 370 in
1097 346 1140 371 eo
1159 335 1223 372 vel

91 389 307 427 maximam
327 402 434 440 spem
452 402 555 441 pono
569 389 747 427 victoriae.
776 389 840 426 De
853 388 1057 426 Gallorum
1078 387 1219 435 studio,

91 456 161 481 nos
194 443 401 495 aliquando
435 456 721 494 cognoscemus,
754 446 817 486 (ut
848 442 1000 491 scribis)
1030 442 1142 491 cujus
1180 442 1222 481 id

90 496 207 550 opera
235 498 406 536 maxime
432 498 642 536 excitatum
669 497 728 535 sit.
759 497 834 536 Sed
854 498 952 546 jam,
975 496 1218 546 mihicrede,

92 552 354 604 cognovimus.
384 552 524 604 Itaque
543 552 830 602 jucundissimis
846 551 920 589 tuis
939 550 1058 589 literis
1077 558 1221 589 stoma-

93 606 228 645 chatus
258 620 346 645 sum
369 607 411 644 in
431 614 614 645 extremo.
645 606 786 645 Scribis
815 606 932 653 enim,
960 605 992 643 si
1020 605 1060 642 in
1095 605 1222 643 Sexti-

92 661 172 699 lem
201 661 370 709 comitia,
398 661 472 700 cito
502 668 567 706 te3
599 660 657 699 sin
687 662 771 710 jam
801 659 986 709 confecta,
1012 659 1139 709 citius,
1170 672 1220 699 ne

89 715 235 754 diutius
253 729 343 754 cum
363 715 532 767 periculo
551 715 682 753 fatuus
701 715 762 753 sis.

145 769 184 809 Ο
211 770 267 808 1111
292 770 326 808 F
329 770 432 818 urni,
464 783 584 821 quam
610 777 654 807 tu
680 782 832 807 causam
865 776 973 807 tuam
1001 781 1079 807 non
1101 769 1218 819 nosti,

90 824 159 876 qui
177 825 320 862 alienas
340 832 420 863 tam
445 824 556 863 facile
576 823 696 862 discas
712 824 721 861 !
754 824 820 861 Tu
840 836 944 862 nunc
969 823 1219 862 candidatum

88 886 129 917 te
151 886 290 931 putas3
321 886 359 917 et
390 878 433 916 id
461 878 619 930 cogitas,
646 885 691 916 ut
713 885 781 916 aut
806 877 855 916 ad
882 878 1036 916 comitia
1059 891 1219 924 curras;

90 942 172 982 aut,
194 933 225 972 si
240 934 323 983 jam
343 932 526 979 confecta,
547 932 654 970 domi
671 939 748 971 tuae
767 933 832 981 sis,
852 944 916 979 ne,
937 945 1027 971 cum
1046 933 1221 971 maximo

90 987 276 1039 periculo,
308 990 371 1031 (ut
390 985 540 1037 scribis)
569 987 817 1025 stultissimus
837 986 918 1026 sis?
949 987 1041 1025 Non
1061 987 1222 1026 arbitror

88 1049 128 1080 te
152 1041 208 1080 ita
226 1041 376 1081 sentire.
410 1041 560 1081 Omnes
580 1041 683 1079 enim
703 1046 789 1080 tuos
808 1041 857 1079 ad
876 1041 1032 1079 laudem
1051 1040 1221 1093 impetus

88 1096 191 1135 novi.
222 1096 343 1144 Quod
362 1096 408 1144 si,
438 1103 484 1134 ut
513 1095 658 1145 scribis,
678 1095 734 1133 ita
759 1095 890 1144 sentis,
918 1108 996 1134 non
1018 1096 1142 1147 magis
1167 1103 1219 1146 te,

88 1163 209 1203 quam
235 1150 282 1189 de
301 1157 339 1189 te
355 1150 548 1201 judicium
570 1149 806 1201 reprehendo
825 1163 969 1188 meum.
996 1150 1056 1188 Te
1079 1150 1222 1202 adipis-

88 1205 200 1243 cendi
230 1205 476 1257 magistratus
502 1204 686 1243 levissimi
712 1212 749 1242 et
767 1204 1077 1256 divulgatissimi,
1108 1205 1140 1243 si
1166 1205 1221 1244 ita

88 1259 313 1311 adipiscare,
334 1268 379 1297 ut
403 1260 592 1311 plerique,
624 1271 867 1311 praepropera
888 1258 1078 1297 festinatio
1097 1259 1221 1297 abdu-

87 1320 146 1352 cet
165 1328 188 1352 a
207 1314 324 1352 tantis
342 1314 538 1363 laudibus,
555 1312 696 1366 quibus
716 1320 753 1351 te
771 1325 904 1352 omnes
918 1313 959 1351 in
978 1313 1117 1352 coelum
1132 1314 1221 1364 jure

87 1378 126 1407 et
145 1382 234 1407 vere
252 1368 411 1407 ferunt?

140 1423 292 1462 Scilicet
308 1422 350 1460 id
364 1423 504 1474 agitur,
517 1430 652 1461 utrum
663 1423 735 1462 hac
749 1422 946 1475 petitione,
961 1435 1009 1460 an
1024 1422 1219 1474 proxima,

85 1484 228 1528 praetor
247 1477 331 1524 fias,
351 1489 430 1515 non
454 1484 500 1515 ut
527 1478 583 1516 ita
603 1478 651 1516 de
679 1477 877 1529 republica
905 1490 1088 1525 mereare,
1113 1478 1221 1516 omni

85 1531 232 1570 honore
243 1538 287 1570 ut
302 1531 550 1582 dignissimus
561 1532 753 1582 judicere.
742 1532 760 1554 ⁹
787 1532 933 1570 Utrum
948 1532 1083 1579 nescis,
1099 1545 1220 1583 quam

87 1585 164 1624 alte
184 1585 445 1625 adscenderis.
434 1586 452 1612 '³
481 1599 531 1625 an
549 1600 620 1639 pro
643 1586 764 1624 nihilo
783 1585 824 1624 id
848 1586 991 1638 putas?
1020 1586 1062 1625 Si
1080 1587 1217 1636 nescis,

85 1639 159 1678 tibi
193 1640 377 1691 ignosco3
406 1653 476 1679 nos
509 1641 550 1679 in
580 1641 698 1692 culpa
726 1653 887 1679 sumus.
918 1640 977 1678 sin
1007 1640 1219 1702 intelligis·
1203 1664 1223 1687 ‚⁴

86 1694 170 1733 ulla
205 1694 278 1733 tibi
309 1701 365 1733 est
396 1702 578 1746 praetura,
612 1696 673 1734 vel
705 1694 843 1743 officio,
871 1694 975 1746 quod
1002 1695 1130 1746 pauci,
1157 1696 1219 1734 vel

87 1747 227 1800 gloria,
249 1761 369 1801 quam
388 1762 521 1788 omnes
550 1757 777 1801 sequuntur,
797 1749 975 1788 dulcior?
1007 1749 1095 1788 Hac
1113 1749 1161 1787 de
1178 1762 1221 1788 re

87 1810 127 1841 et
160 1816 245 1854 ego,
281 1810 319 1842 et
352 1803 559 1853 Calvisius,
592 1804 710 1842 homo
742 1803 874 1855 magni
904 1803 1053 1853 judicii,
1085 1803 1221 1855 tuique

85 1857 394 1905 amantissimus,
425 1865 465 1897 te
496 1871 720 1897 accusamus
750 1857 932 1911 quotidie.
963 1857 1132 1896 Comitia
1161 1865 1221 1896 ta-

84 1923 196 1960 men,
219 1912 375 1964 quando
401 1925 450 1951 ex
466 1912 528 1951 his
550 1912 708 1965 pendes,
729 1919 920 1965 quantum
944 1911 1067 1951 facere
1084 1924 1221 1963 possu-

84 1977 192 2013 mus,
223 1966 329 2018 quod
357 1966 491 2005 multis
512 1966 561 2006 de
586 1967 709 2006 causis
738 1966 959 2019 reipublicae
987 1965 1218 2005 arbitramur

84 2019 314 2069 conducere,
352 2020 395 2059 in
441 2021 471 2059 J
473 2034 680 2061 anuanum
719 2033 893 2061 mensem
939 2019 1217 2074 protrudimus.

86 2073 220 2114 Vince
237 2075 370 2127 igitur,
391 2082 429 2114 et
447 2076 543 2116 vale.

141 2179 311 2232 (Epist.)
333 2192 361 2220 v
367 2192 439 2223 01..
461 2193 493 2222 1.
868 2184 894 2221 ‘2
916 2192 943 2222 r:
