1501 2407
259 119 340 159 AD
369 118 667 160 DIVERSOS.
699 119 801 159 Lm.
830 118 955 159 VIII.
986 120 1024 159 4.
1122 122 1197 159 221

73 230 223 277 salam3
252 228 391 268 deinde
423 228 604 267 eumdem
638 228 962 268 condemnatum:
1007 229 1053 268 C.
1086 228 1198 268 Mar-

71 285 213 324 cellum
233 283 430 322 consulem
460 283 607 322 factum
621 297 633 321 z
663 283 725 322 M.
747 283 958 321 Claudium
987 296 1011 321 a
1039 284 1196 334 repulsa

68 338 308 390 postulatum
327 351 350 375 a
369 336 495 375 Gallis
524 337 700 376 duobus:
733 337 779 376 P.
803 337 1049 376 Dolabellam
1080 338 1196 389 quin-

68 391 321 431 decimvirum
340 391 498 430 factum.
530 392 619 430 Hoc
644 391 715 430 tibi
740 404 818 431 non
842 391 1009 438 invideo,
1031 392 1196 431 caruisse

69 454 107 485 te
125 446 383 497 pulcherrimo
402 446 631 496 spectaculo,
652 453 689 484 et
719 446 879 484 Lentuli
898 446 1031 485 Cruris
1050 446 1196 498 repulsi

68 501 223 539 vultum
251 513 330 538 non
360 499 508 538 vidisse.
540 501 600 538 At
628 498 706 551 qua
728 513 808 551 spe,
839 513 961 551 quam
990 500 1093 539 certa
1111 500 1195 551 opi-

66 555 182 594 nione
200 554 443 593 descenderat
459 554 469 592 !
500 567 620 606 quam
639 554 722 606 ipso
740 554 937 593 diffidente
955 553 1162 593 Dolabella
1177 554 1188 592 2

67 609 136 657 Et,
169 608 374 656 (hercules)
405 608 479 647 nisi
503 609 622 647 nostri
651 608 796 660 equites
822 608 971 647 acutius
994 608 1192 656 vidissent,

66 675 177 716 paene
205 663 434 702 concedente
465 662 694 710 adversario,
734 662 961 714 superasset.
1010 662 1119 700 Illud
1155 671 1194 702 te

65 728 145 756 non
163 717 325 756 arbitror
343 718 543 765 miratum,
576 718 769 765 Servium,
797 717 1042 768 designatum
1068 717 1193 756 tribu-

66 784 164 810 num
182 772 320 824 plebis,
351 771 675 810 condemnatum:
706 772 817 821 cujus
845 771 975 809 locum
1001 771 1046 810 C.
1072 770 1191 810 Curio

64 826 186 878 petiit.
216 827 317 866 Sane
335 838 455 878 quam
484 826 622 864 incutit
649 825 796 873 multis,
824 825 893 877 qui
917 837 1008 863 eum
1025 825 1190 864 facilita-

66 887 223 933 temque
253 882 336 931 ejus
367 893 446 919 non
478 882 636 926 norunt,
667 892 856 931 magnum
886 886 1063 918 metum:
1106 880 1186 928 sed,

64 942 111 974 ut
129 948 238 987 spero
257 942 294 973 et
312 935 412 983 volo,
429 941 480 983 et,
493 941 538 972 ut
557 947 596 973 se
614 934 687 973 fert
704 934 799 986 ipse,
820 935 940 972 bonos
959 941 997 972 et
1015 941 1190 972 senatum

64 989 208 1027 malet:
239 997 357 1037 totus,
388 995 433 1027 ut
455 1001 559 1028 nunc
579 996 647 1036 est,
675 989 747 1027 hoc
766 988 935 1027 scaturit.
964 988 1100 1038 Hujus
1120 1001 1190 1028 vo-

63 1043 223 1082 luntatis
240 1043 396 1082 initium
416 1050 454 1082 et
478 1056 592 1082 causa
611 1050 680 1092 est,
707 1042 812 1094 quod
831 1055 921 1080 eum
940 1054 1018 1081 non
1043 1042 1189 1082 medio-

63 1098 175 1137 criter
194 1097 337 1147 Caesar,
354 1097 422 1150 qui
435 1098 532 1136 solet
541 1097 765 1135 infimorum
783 1096 989 1135 hominum
1004 1097 1190 1136 amicitias

64 1152 138 1191 sibi
167 1151 341 1204 qualibet
369 1150 543 1203 impensa
574 1152 798 1203 adjungere,
828 1150 940 1190 valde
971 1152 1186 1190 contemsit.

63 1205 156 1255 Qua
179 1207 221 1244 in
239 1219 280 1245 re
297 1206 396 1244 mihi
414 1206 564 1244 videtur
591 1206 691 1244 illud
708 1218 897 1257 perquam
914 1213 1074 1244 venuste
1092 1206 1188 1244 ceci-

61 1260 171 1300 disse.
202 1260 322 1309 Quod
340 1274 364 1299 a
380 1260 538 1312 reliquis
557 1273 712 1312 quoque
731 1271 853 1310 usque
872 1272 916 1297 eo
936 1266 992 1298 est
1010 1260 1185 1298 animad-

61 1327 230 1364 versum,
250 1322 295 1353 ut
314 1314 446 1363 Curio,
473 1315 541 1366 qui
558 1315 658 1353 nihil
682 1313 838 1353 consilio
860 1313 966 1362 facit,
986 1313 1132 1352 ratione
1150 1322 1188 1352 et

59 1369 207 1408 insidiis
234 1382 329 1408 usus
351 1368 543 1408 videretur
569 1369 610 1407 in
636 1367 822 1407 evitandis
844 1380 977 1406 eorum
1004 1368 1184 1415 consiliis,

59 1424 130 1476 qui
148 1437 187 1463 se
214 1422 458 1462 intenderant
483 1423 716 1462 adversarios
744 1422 785 1460 in
808 1423 891 1472 ejus
915 1422 1183 1461 tribunatum:

61 1478 203 1517 Laelios
223 1484 261 1517 et
277 1478 486 1526 Antonios,
508 1485 545 1517 et
566 1477 607 1516 id
625 1490 747 1529 genus
766 1476 948 1524 valentes,
969 1476 1066 1515 dico.

116 1533 202 1572 Has
232 1545 303 1584 ego
331 1532 403 1571 tibi
433 1532 562 1571 literas
592 1545 636 1570 eo
666 1532 811 1581 majore
847 1530 936 1569 misi
964 1530 1182 1580 intervallo,

61 1587 166 1640 quod
185 1587 428 1627 comitiorum
455 1586 655 1625 dilationes
674 1585 955 1637 occupatiorem
974 1598 1038 1624 me
1061 1586 1181 1625 habe-

59 1644 182 1688 bant3
212 1648 250 1681 et
278 1647 496 1693 exspectare
523 1640 566 1679 in
597 1640 677 1679 dies
710 1640 859 1678 exitum
892 1641 1092 1691 cogebant,
1123 1646 1183 1688 ut,

59 1696 240 1735 confectis
259 1697 452 1745 omnibus,
479 1702 517 1734 te
534 1695 698 1734 facerem
717 1695 926 1733 certiorem.
955 1693 1025 1732 Ad
1045 1694 1186 1734 Calen-

59 1750 128 1790 das
146 1750 309 1790 Sextiles
326 1763 450 1802 usque
468 1749 696 1802 exspectavi.
730 1747 923 1786 Praetoriis
941 1760 1060 1786 morae
1078 1761 1186 1800 quae-

59 1804 151 1843 dam
169 1804 396 1843 inciderunt.
427 1804 522 1843 Mea
540 1817 653 1856 porro
680 1803 836 1842 comitia
860 1815 978 1854 quem
1003 1810 1185 1841 eventum

59 1859 137 1898 sint
153 1859 347 1908 habitura,
373 1858 511 1898 nescio.
541 1857 778 1909 Opinionem
803 1856 978 1908 quidem,
1004 1856 1110 1908 quod
1135 1856 1185 1894 ad

61 1913 228 1952 Hirrum
239 1913 390 1962 attinet,
401 1912 678 1962 incredibilem,
695 1911 866 1950 aedilium
877 1910 1001 1962 plebis
1023 1910 1187 1950 comitiis

59 1974 172 2007 nacta
185 1975 287 2007 sunt.
312 1968 354 2008 N
356 1980 421 2006 am
439 1967 502 2006 M.
519 1967 686 2007 Coelium
698 1966 950 2005 Vinicianum
961 1965 1107 2003 mentio
1118 1965 1187 2003 ina

59 2021 183 2070 fatua,
214 2034 333 2074 quam
360 2022 613 2061 deriseramus
637 2021 747 2071 olim,
778 2027 815 2059 et
845 2018 1106 2072 promulgatio
1137 2018 1187 2057 de

60 2075 256 2126 dictatore,
277 2076 404 2116 subito
421 2076 571 2126 dejecit,
592 2082 630 2114 et
647 2075 839 2125 dejectum
857 2086 1001 2125 magno
1019 2073 1186 2112 clamore

58 2129 230 2170 insecuta
240 2138 310 2170 est.
339 2130 438 2170 Inde
452 2131 620 2170 Hirrum
631 2129 758 2169 cuncti
773 2127 845 2179 [an
855 2129 955 2181 non]
967 2126 1188 2167 faciendum

62 2184 248 2236 flagitare.
277 2185 412 2237 Spero,
442 2192 482 2224 te
510 2184 695 2234 celeriter,
714 2191 753 2222 et
770 2183 819 2222 de
842 2182 953 2221 nobis
970 2181 1077 2235 quod
1101 2194 1188 2234 spe-a

61 2240 169 2287 rasti,
183 2247 221 2279 et
231 2240 279 2280 de
289 2240 372 2288 illo,
386 2240 492 2292 quod
507 2240 572 2279 vix
586 2251 737 2292 sperare
751 2251 868 2278 ausus
882 2249 936 2330 eg,
951 2235 1189 2276 auditurum.

850 2304 879 2332 U
