1501 2407
184 134 236 169 54
398 130 476 168 AD
506 128 806 169 DIVERSOS.
835 128 936 167 Lm.
957 125 1014 165 11.
1039 129 1100 168 19.

189 239 329 285 studia,
346 253 433 291 quae
447 238 516 277 tibi
531 252 574 277 ac
593 238 648 276 tui
651 252 668 275 5
683 238 854 289 praestiti,
869 237 955 285 tibi,
974 236 1122 275 homini
1140 235 1309 288 gratissi-

192 307 269 339 mo,
291 301 399 356 grata
413 306 504 341 esse,
519 293 800 330 vehementer
774 291 946 342 gaudeo:
975 291 1150 342 mihique
1165 290 1256 328 scito
1266 291 1307 328 in

192 348 272 386 dies
291 347 427 408 majori
442 360 542 385 curae
554 359 633 384 csse
647 346 872 397 dignitatem
885 354 1019 391 tua1n3
1049 358 1137 396 quae
1155 344 1312 395 quidem

194 416 218 440 a
236 409 272 440 te
297 401 378 453 ipso
397 401 612 452 integritate
631 408 668 438 et
696 400 896 438 clement-ia
921 399 988 437 tua
1008 398 1059 437 sie
1082 398 1316 449 amplificata

197 464 266 503 est,
286 463 330 493 ut
357 455 454 493 nihil
484 455 573 492 addi
602 467 710 505 posse
736 453 920 491 videatur.
961 453 1037 492 Sed
1065 452 1163 490 mihi
1191 452 1315 502 magis

197 510 410 560 magisque,
432 509 602 560 quotidie
620 509 668 546 de
693 508 902 546 rationibus
922 507 998 545 tuis
1016 505 1211 558 cogitanti,
1232 506 1318 557 pla-

197 572 256 602 cet
275 563 372 601 illud
391 576 523 600 meum
543 562 758 609 consilium,
780 562 884 613 quod
910 562 1019 599 initio
1037 560 1212 598 Aristoni
1229 572 1318 598 nos-

198 626 273 664 tro,
294 624 338 655 ut
356 617 405 654 ad
422 630 486 654 me
504 617 621 662 venit,
642 616 812 654 ostendi:
843 628 976 667 graves
995 623 1032 653 te
1051 620 1318 665 suscepturum

199 671 431 718 inimicitias,
456 671 487 708 si
506 671 720 708 adolescens
740 677 874 720 potens
892 677 929 707 et
946 669 1084 707 nobilis
1103 681 1127 706 a
1153 675 1191 706 te
1208 668 1320 719 igno-

199 725 319 764 mini&
333 725 487 763 affectus
502 733 607 762 esset.
637 724 692 762 Et
711 724 869 770 (hercle)
889 723 969 761 sine
988 723 1106 761 dubio
1120 722 1192 760 erit
1209 722 1319 772 igno-

201 779 343 817 minia:
374 779 492 817 habes
507 779 609 816 enim
629 778 823 816 neminem
836 777 991 816 honoris
1009 776 1131 828 gradu
1151 775 1322 827 superio-

203 847 296 871 rem.
338 833 412 870 Ille
430 839 574 880 autem,
604 840 649 869 ut
673 831 851 869 omittam
871 831 1123 878 nobilitatem,
1148 829 1249 868 hoc
1239 842 1323 882 ipso

204 882 321 926 vincit
339 887 438 924 viros
456 885 635 938 optimos,
647 885 920 937 hominesque
909 884 1251 931 innocentissimos,
1266 884 1324 922 le-

206 949 314 992 gatos
342 948 443 988 tuos,
473 940 577 992 quod
602 947 639 978 et
668 946 834 1000 quaestor
863 946 932 987 est,
960 946 997 977 et
1026 947 1191 990 (111851101-
1218 945 1325 976 tuus.

208 996 356 1033 Nocere
388 993 458 1032 tibi
487 995 628 1031 iratum
658 993 853 1031 neminem
876 1006 986 1045 posse
1017 992 1227 1044 perspicio.
1258 992 1324 1030 sed

206 1057 336 1086 tamen
355 1056 429 1086 tres
455 1047 603 1095 fratres,
625 1060 777 1086 summo
794 1047 877 1085 loco
904 1055 1026 1094 natos,
1045 1054 1230 1099 promtoS‚
1249 1059 1328 1084 non

207 1103 421 1149 indisertos,
448 1109 485 1140 te
519 1102 608 1139 nolo
638 1102 779 1139 habere
807 1101 936 1148 iratos,
970 1102 1058 1150 jure
1087 1100 1328 1153 praesertim3

210 1170 307 1208 quos
331 1156 441 1195 video
463 1156 640 1207 deinceps
671 1155 844 1193 tribunos
873 1155 995 1207 plebis
1019 1168 1088 1207 per
1120 1155 1330 1193 triennium

210 1211 303 1248 fore.
332 1210 528 1261 Tempora
546 1219 676 1247 autem
694 1209 913 1260 reipublicae
931 1210 1061 1260 qualia
1081 1209 1214 1248 futura
1240 1209 1333 1258 sint,

213 1265 300 1316 quis
332 1264 429 1302 scit?
469 1263 575 1301 Mihi
601 1263 756 1314 quidem
787 1264 1009 1301 turbulenta
1033 1263 1210 1301 videntur
1239 1263 1332 1302 fore.

215 1320 296 1356 Gur
325 1331 395 1369 ego
420 1326 459 1355 te
484 1318 599 1355 velim
629 1317 794 1355 incidere
824 1317 865 1354 in
895 1325 1054 1355 terrores
1081 1317 1338 1356 tribunicios⁹

214 1372 424 1423 praesertim
444 1384 547 1417 cum,
564 1371 645 1409 sine
659 1372 887 1422 cujusquam
907 1371 1211 1422 reprehensione,
1232 1385 1341 1423 quae-

216 1426 341 1464 storiis
354 1425 488 1476 legatis
507 1432 734 1476 quaestorem
748 1425 869 1476 possis
881 1425 1078 1463 anteferre.
1107 1426 1190 1473 Qui
1205 1425 1236 1463 si
1254 1425 1340 1477 djg-

218 1492 316 1517 num
334 1493 373 1518 se
391 1479 601 1528 majoribus
617 1479 695 1516 suis
712 1480 918 1530 praebuerit
937 1482 998 1522 (ut
1016 1492 1138 1530 spero,
1160 1486 1198 1517 et
1215 1487 1345 1532 opto),

218 1541 286 1571 tua
302 1534 387 1571 laus
413 1547 461 1571 ex
480 1532 609 1584 aliqua
626 1540 734 1584 parte
753 1533 880 1571 fuerit.
915 1533 983 1571 Sin
1003 1533 1098 1584 quid
1116 1533 1314 1572 offenderit
1326 1547 1344 1579 ς

220 1587 294 1625 sibi
312 1594 452 1635 totum,
466 1587 564 1625 nihil
575 1588 659 1635 tibi,
676 1586 886 1625 offenderit.
916 1587 1019 1635 Quae
1029 1587 1128 1625 mihi
1141 1587 1344 1626 veniebant

220 1641 262 1678 in
280 1649 464 1689 mentem,
485 1655 572 1692 quae
592 1641 641 1679 ad
659 1649 696 1679 te
714 1641 903 1692 pertinere
931 1641 1155 1688 arbitrabar,
1176 1641 1281 1693 quod
1302 1641 1344 1680 in

224 1693 403 1734 Cificiam
422 1695 698 1746 proficiscebar,
719 1695 935 1733 existimavi
951 1708 1016 1733 me
1034 1695 1084 1733 ad
1109 1702 1147 1733 te
1171 1702 1345 1747 oportere

221 1749 394 1788 scribere.
423 1749 505 1796 Tu,
533 1749 638 1800 quod
663 1749 798 1800 egeris,
817 1749 859 1786 id
886 1750 1002 1787 velim
1020 1749 1090 1787 Dii
1115 1751 1343 1800 approbent.

223 1803 313 1852 Sed,
333 1803 366 1840 si
383 1816 446 1840 me
471 1803 616 1850 audies,
643 1803 780 1842 vitabis
799 1803 1031 1852 inimicitias,
1059 1809 1097 1841 et
1114 1802 1344 1854 posteritatis

225 1857 302 1895 otio
321 1857 506 1895 consules.
535 1857 647 1895 Vale.

228 1969 343 2022 (19.)
364 1970 426 2009 M.
445 1969 494 2008 T.
516 1969 564 2010 c.
597 1969 718 2009 IMP.
746 1970 792 2011 c.
824 1969 1029 2016 COELIO,
1061 1970 1109 2009 L.
1139 1971 1186 2010 F.
1214 1970 1346 2012 CAL.

418 2024 513 2071 Do,
535 2024 841 2070 QUAESTORI
871 2026 996 2065 DES.
1025 2026 1068 2065 S.
1089 2025 1147 2064 D.

300 2120 691 2170 (Argumentum.—
709 2121 755 2160 C.
790 2121 971 2169 Coelium,
1010 2128 1238 2173 quaestorem
1275 2121 1347 2160 sibi

229 2181 328 2211 sorte
345 2174 495 2221 datum,
515 2175 702 2224 hortatur,
722 2183 766 2214 ut
783 2175 938 2215 festinet
954 2175 1004 2214 ad
1021 2189 1061 2216 se
1079 2176 1220 2224 venire,
1239 2182 1348 2215 ante-

228 2240 348 2278 quam
366 2228 447 2281 ipse
464 2228 652 2278 decedat.)
