1501 2407
257 102 338 152 ‘150
458 113 541 153 AD
570 113 866 154 DIVERSOS.
896 114 996 152 Lm.
1026 114 1104 154 vn
1133 115 1169 153 L

263 234 381 273 quam
400 221 497 260 ratio
515 229 552 260 et
569 222 704 261 veritas
721 223 944 275 praescribit,
957 229 1003 261 ut
1015 222 1164 261 nihilin
1177 219 1258 260 vita
1268 218 1378 258 nobis

264 276 539 328 praestandum,
558 284 694 328 praeter
715 278 884 329 culpam,
913 284 1094 328 putemus
1106 291 1118 315 ε
1148 275 1271 327 eaque
1286 284 1379 312 cum

265 343 476 378 careamus,
505 331 635 369 omnia
651 331 823 369 humana
839 332 986 383 placate
1011 339 1049 369 et
1072 329 1268 369 moderate
1281 327 1381 366 fera-
1404 375 1412 380 ό

267 396 368 423 mus.
406 385 542 436 Atque
559 385 641 423 haec
659 398 702 424 eo
719 385 882 437 pertinet
904 385 1037 433 oratio,
1065 391 1125 432 ut,
1149 381 1307 436 perditis
1324 393 1383 419 re·-

267 440 342 477 bus
368 439 560 486 omnibus,
590 447 719 478 tamen
737 440 820 491 ipsa
837 440 956 478 virtus
975 452 1013 478 se
1041 445 1250 477 sustentare
1274 447 1385 496 posse

268 492 453 531 videatur.
481 492 572 538 Sed,
593 492 625 530 si
644 502 700 532 est
717 506 802 545 spes
821 493 951 545 aliqua
967 495 1080 531 rebus
1098 491 1383 534 commumbus,

270 546 317 585 ea
347 554 406 594 tu,
438 546 671 599 quicumque
703 556 822 586 status
855 556 911 586 est
945 547 1113 596 futurus,
1147 557 1272 585 carere
1306 554 1384 581 non

268 601 394 639 debes.

324 654 460 706 Atque
475 655 558 693 haec
575 655 673 693 mihi
690 655 866 695 scribenti
878 656 1052 694 veniebat
1069 655 1111 692 in
1124 659 1307 699 mentem,
1322 663 1388 689 me

273 722 365 746 eum
394 722 488 756 esse,
519 710 629 758 cujus
661 716 704 748 tu
729 710 1029 761 desperationem
1057 721 1232 747 accusare
1254 706 1389 745 solitus

272 776 385 811 esseS,
406 776 599 814 quemque
618 764 839 802 aucwritate
865 764 934 802 tua
963 769 1202 802 cunctantem
1233 767 1272 800 et
1289 759 1390 798 diffi-

273 817 429 855 dentem
448 816 622 856 excitare.
652 817 743 865 Quo
758 818 913 869 quidem
926 825 1109 868 tempore,
1124 828 1202 854 non
1217 827 1287 866 ego
1301 827 1391 853 cau-

275 883 358 908 sam
370 878 553 918 nostram,
567 871 631 909 sed
643 871 857 917 consilium,
872 872 1152 923 improbabam.
1181 870 1273 908 Sero
1287 868 1392 907 enim

273 937 343 963 nos
361 924 407 962 iis
425 924 541 962 armis
559 925 747 963 adversari
765 926 956 973 videbam,
970 939 1057 976 quae
1067 924 1192 963 multo
1203 929 1291 961 ante
1303 934 1393 961 con-

274 979 427 1016 firmata
444 992 512 1029 per
530 987 679 1018 nosmet
695 980 796 1031 ipsos
811 988 940 1018 erant:
971 980 1239 1030 dolebamque,
1253 976 1342 1028 pilis
1356 984 1395 1014 et

276 1032 428 1083 gladiis,
449 1045 526 1070 non
545 1034 709 1072 consiliis
728 1047 853 1086 neque
872 1033 1158 1072 auctoritatibus
1176 1031 1327 1078 nostris,
1347 1029 1396 1068 de

272 1089 360 1136 jure
370 1087 523 1138 publico
535 1088 745 1140 disceptari.
775 1089 915 1140 Neque
929 1100 999 1139 ego
1010 1101 1068 1135 ea,
1081 1101 1169 1139 quae
1179 1087 1279 1125 facta
1290 1091 1395 1131 sunt,

277 1141 358 1179 fore
377 1154 465 1178 eum
484 1141 670 1188 dicebam,
691 1142 910 1181 divinabam
928 1143 1082 1180 futura:
1115 1141 1194 1190 sed,
1225 1139 1331 1191 quod
1358 1145 1398 1177 et

278 1195 361 1233 fieri
379 1208 503 1247 posse,
525 1204 562 1234 et
590 1196 792 1234 exitiosum
811 1196 905 1244 fore,
927 1197 958 1235 si
985 1196 1184 1243 evenisset,
1203 1194 1397 1238 videbam,

278 1249 320 1286 id
338 1262 387 1287 ne
405 1249 602 1298 accideret,
629 1250 838 1288 timebam:
867 1250 1078 1303 praesertim
1107 1262 1211 1297 cum,
1241 1248 1273 1286 si
1300 1246 1399 1285 mihi

280 1303 507 1342 alterutrum
528 1304 575 1343 de
594 1312 731 1342 eventu
751 1312 866 1356 atque
889 1305 994 1344 exitu
1014 1317 1138 1342 rerum
1170 1302 1398 1355 promitten-

279 1357 374 1395 dum
395 1365 504 1403 esset,
521 1358 559 1396 id
577 1358 769 1407 futurum,
790 1360 894 1410 quod
909 1358 1048 1407 evenit,
1064 1356 1297 1410 exploratius
1310 1367 1398 1407 pos-

280 1424 361 1449 sem
380 1412 611 1463 promittere.
653 1413 708 1450 lis
727 1413 830 1451 enim
859 1415 972 1452 rebus
1001 1415 1291 1464 praestabamus,
1311 1422 1400 1470 qufe

281 1477 360 1503 non
379 1465 568 1517 prodeunt
586 1467 626 1504 in
645 1467 765 1505 aciem
780 1484 790 1505 ι
821 1481 894 1506 usu
909 1475 1038 1506 autem
1053 1479 1263 1513 armorum,
1277 1471 1314 1503 et
1324 1476 1399 1501 mi-

277 1519 393 1557 litum
418 1521 565 1568 robore,
595 1521 789 1559 inferiores
818 1535 980 1560 eramus.
1021 1521 1098 1561 Sed
1125 1529 1168 1560 tu
1185 1520 1300 1558 illum
1318 1517 1402 1556 ani-

278 1586 391 1611 mum
410 1586 514 1613 nunc
532 1574 685 1624 adhibe,
705 1588 849 1627 quaeso,
870 1589 948 1628 quo
961 1588 1024 1615 me
1035 1584 1121 1614 tum
1135 1588 1215 1614 esse
1228 1579 1401 1626 oportere

279 1630 468 1666 censebas.

336 1682 434 1720 Haec
454 1696 497 1721 eo
516 1684 660 1735 scripsi,
681 1684 785 1736 quod
804 1685 902 1723 mihi
921 1685 1173 1738 Philargyrus
1190 1692 1296 1733 tuus,
1315 1694 1401 1720 om-

279 1735 346 1774 nia
363 1736 411 1774 de
429 1744 467 1775 te
485 1739 706 1789 requirenti,
727 1739 948 1778 fidelissimo
967 1740 1096 1778 animo
1116 1743 1177 1782 (ut
1195 1739 1292 1777 mihi
1313 1735 1401 1788 qui-

280 1789 370 1828 dem
389 1791 493 1829 visus
512 1800 583 1838 est)
603 1792 784 1841 narravit,
802 1801 838 1832 te
855 1794 1048 1832 interdum
1063 1794 1267 1832 sollicitum
1281 1794 1402 1832 solere

280 1857 360 1882 esse
379 1844 664 1884 vehementius:
695 1847 799 1899 quod
816 1848 938 1886 facere
955 1861 1032 1886 non
1052 1848 1180 1897 debes,
1198 1860 1270 1886 nec
1287 1847 1402 1886 dubi-

281 1905 376 1944 tare,
396 1899 491 1949 quin
511 1908 590 1947 aut,
605 1901 736 1952 aliqua
755 1902 964 1953 republica,
985 1903 1035 1941 sis
1054 1902 1222 1950 futurus,
1236 1903 1310 1954 qui-
1322 1915 1403 1941 esse

277 1951 418 1997 debes3
447 1960 528 2001 aut,
548 1954 711 2005 perdita,
731 1967 808 1993 non
827 1955 1021 1995 afflictiore
1035 1957 1261 2005 conditione,
1282 1966 1403 2009 quam

280 2006 417 2044 caeteri.
447 2006 536 2046 Hoc
561 2021 648 2046 vero
673 2016 840 2060 tempus,
871 2023 948 2061 quo
977 2011 1185 2049 exanimati
1213 2023 1346 2050 omnes
1357 2019 1403 2049 et

277 2061 452 2111 suspensi
471 2074 619 2110 sumuS,
640 2062 712 2101 hoc
730 2064 981 2103 moderatiore
1002 2065 1132 2103 animo
1149 2065 1246 2104 ferre
1271 2065 1400 2114 debes,

278 2115 382 2164 quod
402 2123 439 2153 et
463 2115 502 2153 in
525 2118 618 2155 urbe
637 2118 681 2155 ea
701 2130 754 2162 ες,
786 2118 854 2156 ubi
883 2126 974 2156 nata
999 2126 1036 2157 et
1060 2120 1138 2157 alta
1165 2128 1222 2158 est
1243 2119 1340 2157 ratio
1357 2132 1402 2158 ac

277 2169 487 2207 moderatio
506 2170 593 2208 vitae
607 2184 618 2215 ;
649 2179 687 2209 et
700 2171 817 2210 habes
831 2175 911 2212 Ser.
925 2173 1155 2224 Sulpicium,
1169 2186 1287 2226 quem
1301 2186 1401 2212 sem-

273 2235 342 2275 per
361 2223 472 2264 unice
491 2223 684 2272 dilexisti3
717 2226 835 2277 quite
855 2227 1022 2279 profecto
1037 2234 1073 2267 et
1081 2227 1348 2268 ‘benevolentia
1364 2234 1401 2266 et
