1481 2422
276 87 356 126 386
449 87 533 127 AD
561 85 858 128 DIVERSOS.
890 86 991 126 Lm.
1020 86 1123 126 XII.
1153 89 1218 126 22.

375 195 490 247 (22.)
520 196 583 236 M.
596 196 648 236 T.
662 196 707 236 C.
736 198 777 236 8.
788 195 835 235 Ρ.
853 194 907 235 D.
936 194 1296 236 CORNIFICIO.
1345 240 1352 245 ,

327 306 653 356 (Argumentum.
666 331 721 339 —
733 306 877 344 Narrat
895 305 943 344 de
961 312 1064 344 statu
1075 305 1295 357 reipublicae
1313 312 1399 357 post

276 359 438 399 Caesaris
463 360 686 399 interitum:
719 367 771 408 et,
797 372 846 398 ne
867 360 1104 411 provinciam
1122 360 1204 399 sine
1231 363 1401 399 senatus-

275 415 449 453 consulto
467 415 606 463 tradat,
626 415 833 462 hortatur.)

330 523 416 562 Nos
433 524 498 562 hic
518 536 607 562 cum
626 522 783 561 homine
801 522 1024 574 gladiatore,
1045 520 1223 561 omnium
1246 522 1402 576 nequis-

273 577 385 627 simo,
407 578 553 629 collega
571 585 713 626 nostro,
733 577 922 625 Antonio,
941 576 1090 615 bellum
1108 577 1305 628 gerimus;
1334 577 1401 616 sed

273 645 352 671 non
370 632 454 684 pari
472 631 701 680 conditione,
723 638 854 670 contra
867 644 976 669 arma
986 631 1122 670 verbis.
1151 631 1212 670 At
1222 632 1338 671 etiam
1351 631 1399 671 de

273 694 311 726 te
329 687 597 726 concionatur:
628 699 697 724 nec
715 687 901 738 impune3
929 697 1023 724 nam
1051 684 1200 733 sentiet,
1230 699 1327 738 quos
1343 686 1402 725 la-

276 741 449 780 cessierit.
479 741 568 792 Ego
585 748 716 779 autem
745 748 830 779 acta
855 739 904 778 ad
923 746 960 778 te
977 740 1109 779 omnia
1136 740 1298 779 arbitror
1314 753 1404 794 per-

275 796 388 834 scribi
407 797 456 834 ab
475 796 583 834 aliis:
614 808 638 833 a
655 808 719 833 me
736 794 868 833 futura
887 794 1001 833 debes
1029 807 1273 846 cognoscere3
1304 808 1402 848 quo-

273 863 363 888 rum
393 849 552 902 quidem
576 861 655 888 non
677 856 733 888 est
757 848 921 887 difficilis
945 849 1173 899 conjectura.
1203 848 1400 902 Oppressa

275 905 407 942 omnia
442 911 558 950 sunt3
598 916 668 943 nec
699 904 843 942 habent
874 903 1013 942 ducem
1044 903 1160 942 boni:
1201 903 1401 956 nostrique

275 973 382 1011 ‘ruga-
370 973 536 997 γωιτονοι
554 958 669 1010 longe
687 958 864 1010 gentium
883 959 1034 996 absunt.
1083 958 1211 997 Pansa
1229 965 1267 997 et
1285 958 1402 997 sentit

274 1013 385 1061 bene,
407 1020 444 1051 et
461 1012 634 1065 loquitur
652 1012 822 1051 fortiter:
846 1012 999 1051 Hirtius
1012 1020 1141 1051 noster
1154 1012 1299 1052 tardius
1311 1025 1401 1052 con-

276 1067 440 1106 valescit.

328 1121 437 1169 Quid
456 1121 634 1161 futurum
653 1121 715 1168 sit,
747 1122 862 1174 plane
890 1120 1028 1160 nescio.
1057 1121 1153 1173 Spes
1172 1129 1302 1160 tamen
1320 1133 1401 1160 una

274 1183 344 1223 est,
360 1176 568 1227 aliquando
586 1176 778 1228 populum
790 1176 1016 1214 Romanum
1028 1177 1222 1227 majorum
1234 1175 1400 1215 similem

274 1229 366 1268 fore.
409 1230 498 1282 Ego
516 1238 615 1270 certe
632 1230 852 1282 reipublicae
870 1242 948 1268 non
967 1230 1103 1269 deero:
1135 1238 1187 1278 et,
1207 1228 1399 1283 quidquid

274 1284 464 1332 acciderit,
492 1298 515 1323 a
533 1298 611 1338 quo
631 1297 718 1323 mea
743 1285 857 1336 culpa
874 1284 988 1332 absit,
1009 1284 1139 1323 animo
1157 1284 1246 1323 forti
1263 1284 1399 1323 feram.

274 1339 383 1377 Illud
401 1339 583 1391 profecto,
604 1339 731 1391 quoad
749 1347 894 1392 potem,
924 1346 1034 1377 tuam
1051 1339 1199 1378 famam
1217 1346 1256 1378 et
1272 1338 1400 1391 digni-

275 1399 395 1432 tatem
415 1395 561 1432 tuebor.

327 1447 381 1485 A.
403 1447 440 1486 d.
461 1448 577 1487 XIII
597 1447 787 1488 Calendas
806 1447 836 1486 J
838 1446 1028 1495 anuariaS,
1049 1454 1203 1486 senatus
1221 1447 1401 1500 frequens

275 1501 374 1539 mihi
402 1509 459 1540 est
486 1515 672 1551 assensus,
704 1515 794 1541 cum
817 1502 864 1540 de
892 1501 1035 1540 caeteris
1057 1503 1172 1540 rebus
1192 1501 1344 1553 magnis
1363 1508 1402 1540 et

274 1556 507 1605 necessariis,
528 1565 613 1596 tum
632 1557 680 1595 de
698 1555 915 1608 provinciiS,
943 1557 992 1594 ab
1010 1555 1057 1595 iis
1076 1556 1145 1608 qui
1168 1555 1398 1605 obtinerent,

274 1610 494 1659 retinendis,
524 1624 650 1663 neque
669 1611 850 1663 cuiquam
867 1609 1075 1659 tradendis,
1096 1610 1171 1649 nisi
1189 1610 1258 1663 qui
1276 1623 1324 1649 ex
1345 1623 1403 1649 se-

274 1666 577 1704 natus-consulto
597 1666 844 1704 successisset.
875 1665 963 1704 Hoc
983 1678 1053 1717 ego
1072 1678 1162 1704 cum
1180 1663 1402 1717 reipublicae

274 1719 391 1758 causa
419 1720 564 1768 censui,
595 1728 680 1758 tum
707 1720 957 1767 (mehercule)
979 1719 1172 1771 imprimis
1196 1718 1404 1758 retinendae

276 1773 474 1826 dignitatis
505 1782 593 1813 tuae.
623 1774 904 1823 Quamobrem,
924 1781 961 1812 te
983 1774 1124 1812 amoris
1151 1773 1271 1812 nostri
1289 1772 1405 1812 causa

275 1841 383 1880 rogo,
404 1828 625 1880 reipublicae
644 1842 758 1868 causa
775 1829 919 1878 hortor,
939 1834 985 1866 ut
1011 1840 1060 1867 ne
1093 1828 1154 1867 cui
1187 1827 1403 1879 quidquam

271 1883 371 1933 juris
389 1883 430 1921 in
449 1883 518 1922 tua
542 1883 739 1935 provincia
766 1896 846 1922 esse
874 1882 1043 1935 patiare.
1075 1889 1191 1934 atque
1209 1888 1254 1920 ut
1272 1880 1404 1920 omnia

274 1937 414 1975 referas
444 1937 494 1976 ad
523 1937 777 1990 dignitatem3
807 1951 887 1990 qua
913 1936 1014 1975 nihil
1039 1943 1164 1989 potest
1193 1948 1273 1975 esse
1301 1948 1402 1988 prae-

275 1991 450 2030 stantius.

330 2046 434 2084 Vere
452 2052 581 2085 tecum
599 2059 728 2098 agam,
749 2053 794 2085 ut
812 2044 1049 2085 necessitudo
1071 2050 1200 2083 nostra
1218 2043 1400 2096 postulat.

277 2099 327 2137 In
356 2100 596 2152 Sempronio,
622 2101 655 2139 si
674 2100 771 2139 meis
802 2099 921 2139 literis
947 2099 1267 2160 obtemperassae‚
1290 2111 1405 2136 max-

276 2154 396 2194 imam
416 2156 464 2195 ab
484 2155 663 2196 omnibus
682 2154 840 2196 laudem
853 2153 1013 2207 adeptus
1028 2166 1137 2194 esses
1167 2151 1353 2195 sedinud
1365 2159 1402 2190 et
