1501 2407
203 87 279 125 162
399 87 481 127 AD
510 86 806 128 DIVERSOS.
838 87 938 128 L113.
966 89 1043 129 VI.
1072 92 1111 135 7.

200 203 262 240 (ut
279 196 410 245 audio)
429 196 640 249 pertimuit,
656 196 786 249 ¹neque
809 197 965 247 injuria,
985 197 1017 237 si
1034 198 1132 237 liber
1156 199 1310 250 exisset,

199 251 372 302 (quando
383 264 460 289 non
474 260 553 289 tam
568 252 734 298 interest,
748 264 825 303 quo
839 252 968 290 animo
979 252 1178 302 scribatur,
1193 261 1314 306 quam

200 317 278 357 quo
303 305 523 357 accipiatur)
554 318 602 343 ne
621 319 664 344 ea
681 318 740 343 res
758 307 885 357 inepte
902 306 1001 344 mihi
1018 315 1193 354 noceret3
1223 321 1313 348 cum

200 360 411 410 praesertim
441 360 659 398 adhucstili
677 373 807 411 poenas
836 360 936 398 dem.
967 360 1058 408 Qua
1084 362 1241 412 quidem
1270 364 1315 402 in

199 426 241 451 re
260 413 442 465 singulari
461 427 546 452 sum
559 414 650 451 fato.
680 415 800 461 Nam,
815 427 903 452 cum
915 414 1100 453 mendum
1119 416 1316 468 scripturae

198 467 317 505 litura
339 468 508 516 tollatur,
534 467 694 506 stultitia
721 468 827 506 fama
850 468 1048 517 multetur,
1079 482 1188 509 meus
1213 483 1316 510 error

200 521 333 560 exsilio
352 522 560 574 corrigitur.
601 522 723 571 Cujus
742 535 895 560 summa
922 522 1090 561 criminis
1118 531 1188 572 est,
1208 526 1316 576 quod

199 584 370 614 armatus
388 576 600 615 adversario
618 575 812 614 maledixi.
841 577 971 614 Nemo
989 580 1160 616 nostrum
1180 589 1250 626 est,
1269 587 1317 618 ut

199 630 347 681 opinor,
369 631 463 682 quin
482 639 570 669 vota
587 630 752 668 victoriae
776 644 854 668 suae
871 630 1025 677 fecerit3
1054 644 1182 681 nemo,
1202 633 1315 684 quin,

200 684 315 723 etiam
336 697 424 723 cum
444 685 490 723 de
509 685 584 722 alia
602 697 642 722 re
668 684 897 730 immolaret,
927 691 1055 723 tamen
1084 698 1128 724 eo
1155 687 1315 738 quidem

197 739 280 790 ipso
293 746 474 789 tempore,
482 747 526 776 ut
536 751 653 790 quam
664 738 836 788 primum
843 738 969 776 Caesar
983 749 1236 790 superaretur,
1246 754 1318 794 op-

197 793 299 831 tarit-
330 793 418 831 Hoc
437 792 468 830 si
485 805 563 830 non
581 792 734 843 cogitat,
755 793 933 830 omnibus
951 794 1064 831 rebus
1081 793 1176 832 felix
1189 802 1263 834 est:
1284 796 1319 835 si

202 847 270 885 scit
289 854 326 884 et
349 860 549 898 persuasus
569 854 637 895 est,
669 845 764 897 quid
790 845 963 884 irascitur
991 847 1040 896 ei,
1071 848 1139 899 qui
1167 849 1315 901 aliquid

201 900 348 951 scripsit
366 910 495 939 contra
520 914 630 938 suam
648 900 898 947 voluntatem,
926 913 1015 938 cum
1032 901 1175 953 ignorit
1191 904 1318 942 omni.

202 956 289 1002 bus,
310 955 378 1006 qui
395 955 520 993 multa
536 954 642 993 Deos
659 953 826 993 venerati
853 955 929 993 sint
956 962 1085 994 contra
1097 1000 1102 1002 ,
1114 957 1196 1007 ejus
1214 958 1318 998 salu-

204 1016 284 1047 tem
298 1011 316 1047 ἓ

258 1063 347 1109 Sed,
375 1072 419 1102 ut
445 1063 578 1102 eodem
605 1070 784 1111 revertar,
811 1076 924 1102 causa
951 1063 1034 1103 haec
1060 1064 1135 1103 fuit
1159 1065 1320 1106 timor-isa

203 1117 346 1168 Scripsi
365 1118 412 1156 de
431 1126 469 1156 te
486 1130 597 1169 parce
617 1117 782 1161 (medius
800 1117 930 1166 fidius)
950 1125 988 1157 et
1005 1118 1152 1166 timide,
1167 1132 1244 1159 non
1264 1134 1324 1161 re-

204 1184 341 1210 vocans
360 1184 423 1210 me
441 1172 538 1223 ipse,
570 1172 636 1210 sed
659 1185 769 1224 paene
787 1171 990 1223 refugiens.
1030 1173 1164 1212 Genus
1192 1182 1323 1214 autem

204 1224 278 1264 hoc
297 1225 503 1277 scripturae,
531 1238 609 1264 non
627 1226 743 1265 modo
760 1226 939 1274 liberum,
960 1226 1026 1265 sed
1043 1228 1245 1267 incitatum
1261 1237 1320 1268 at-

205 1293 281 1331 que
299 1280 457 1327 elatum,
479 1293 556 1318 esse
575 1280 723 1330 debere,
744 1281 830 1331 quis
843 1280 1023 1331 ignorat?
1057 1282 1237 1322 Solutum
1256 1297 1323 1323 ex-

204 1334 395 1372 istimatur
422 1347 514 1381 esse,
547 1335 656 1372 alteri
679 1335 931 1381 maledicere3
961 1343 1090 1374 tamen
1108 1337 1321 1378 cavendum

205 1395 275 1435 est,
296 1401 344 1426 ne
362 1389 403 1426 in
421 1389 674 1440 petulantiam
691 1389 853 1428 incidas:
883 1389 1127 1440 impeditum,
1143 1404 1182 1429 se
1192 1391 1321 1443 ipsum

201 1442 371 1490 laudare,
396 1455 444 1480 ne
469 1443 606 1480 vitium
634 1443 858 1494 arrogantiae
882 1445 1159 1495 subsequatur:
1190 1446 1316 1486 solum

204 1509 293 1534 vero
310 1497 489 1545 liberum,
510 1497 673 1535 alterum
691 1497 846 1535 laudare
860 1510 872 1543 ;
901 1497 949 1535 de
963 1510 1038 1547 quo
1050 1498 1238 1552 quidquid
1252 1502 1318 1541 de-

203 1550 346 1600 trahas,
366 1564 514 1589 necesse
533 1559 601 1598 est,
622 1560 689 1589 aut
706 1551 920 1590 infirmitati
941 1559 1008 1589 aut
1030 1552 1185 1592 invidiae
1202 1557 1320 1609 assig-

204 1613 328 1642 netur.
358 1605 421 1643 Ac
438 1605 577 1653 nescio,
597 1618 647 1643 an
666 1606 737 1644 tibi
753 1606 898 1657 gratius
915 1607 1244 1660 opportuniusque
1257 1624 1319 1650 ac-

206 1658 349 1697 ciderit.
379 1660 500 1707 Nam,
533 1659 636 1710 quod
663 1660 842 1712 praeclare
871 1660 994 1698 facere
1024 1672 1102 1699 non
1130 1661 1317 1716 poteram,

204 1712 376 1764 primum
388 1721 481 1761 erat,
494 1725 570 1751 non
583 1714 786 1766 attingere3
808 1714 1018 1753 secundum
1031 1714 1317 1772 [beneficium]‚

204 1779 324 1818 quam
342 1767 562 1818 parcissime
579 1768 725 1806 facere:
755 1768 822 1806 sed
843 1772 972 1807 tamen
991 1782 1061 1820 ego
1080 1770 1236 1821 quidem
1254 1786 1319 1814 me

203 1820 392 1859 sustinui:
422 1821 546 1859 multa
558 1822 706 1860 minui:
737 1822 862 1861 multa
871 1823 1029 1862 sustuli:
1060 1825 1258 1877 complura
1270 1841 1320 1868 ne

198 1875 311 1926 posui
329 1874 497 1926 quidem.

257 1928 599 1976 Quemadmodum
630 1931 748 1983 igitur
776 1932 966 1971 scalarum
992 1933 1134 1984 gradus
1165 1934 1198 1974 si
1228 1938 1322 1978 alios

201 1982 328 2031 tollas,
349 1983 442 2021 alios
459 1983 617 2030 incidas,
648 1987 853 2025 nonnullos
881 1988 983 2025 male
1003 1988 1189 2028 haerentes
1205 1993 1322 2031 relin-

202 2049 314 2089 quas,
331 2037 452 2075 ruinae
464 2038 679 2089 periculum
697 2048 834 2090 struas,
847 2053 925 2079 non
943 2041 1167 2080 adscensum
1184 2058 1319 2096 paroe;

203 2091 256 2129 sic
286 2098 342 2128 tot
366 2092 479 2130 malis
505 2105 594 2130 cum
619 2093 807 2142 vinctum,
837 2103 922 2133 tum
947 2095 1126 2142 fractum,
1150 2099 1321 2141 studium

203 2144 404 2194 scribendi,
425 2145 520 2197 quid.
537 2147 700 2198 dignum
719 2150 888 2197 auribus,
920 2157 988 2187 aut
1002 2152 1222 2202 probabile,
1253 2169 1321 2207 po-

202 2206 273 2238 test
294 2198 427 2239 afferre
437 2204 454 2238 ἶ·
486 2201 588 2241 Cum
603 2215 690 2242 vero
702 2203 751 2242 ad
765 2203 883 2256 ipsius
895 2204 1054 2244 Caesaris
1066 2217 1205 2256 nomen
1221 2205 1320 2257 veni,

1425 1700 1449 1929 sxzbefflz
1436 1624 1450 1692 ιω..
1413 1547 1448 1598 ’xes
1439 1518 1442 1524 ·
1427 1462 1431 1464 '

1427 2159 1440 2179 :
1423 2140 1441 2153 ἱ
1423 1941 1449 2131 ss..-=„>-‡—,2.='
