1481 2422
233 96 237 98 ’
263 106 349 147 AD
376 105 673 147 DIVERsos.
704 107 1026 147 L1B.X11.>14.
1135 105 1217 151 373

86 216 184 266 ceni,
209 215 335 255 multo
362 216 605 266 amentiores,
625 217 728 255 ultro
755 216 1030 256 arcessiertmt:
1060 228 1108 255 ex
1127 215 1214 268 qui-

86 274 162 311 bus
179 271 352 323 utrisque
370 270 601 319 civitatibus,
623 271 848 310 Graecorum
875 271 1048 309 militum
1075 283 1215 309 nume-

85 339 143 374 ro,
164 325 327 378 speciem
346 325 531 363 exercitus
546 325 680 364 effecit.
711 325 847 364 Castra
863 325 979 363 habet
998 332 1086 363 ante
1103 324 1215 376 oppi-

86 380 185 418 dum
203 379 434 418 Laodiceam
464 379 614 430 posita,
603 393 613 403 ·
645 388 682 418 et
706 387 856 442 partem
884 379 989 417 muri
1007 379 1214 417 demolitus

86 442 157 483 est,
178 441 215 472 et
234 441 355 472 castra
376 433 518 485 oppido
537 435 747 484 conjumnt„
789 433 943 473 Cassius
968 441 1095 472 noster
1123 446 1214 471 cum

86 488 216 527 decem
237 488 466 539 legionibus,
482 494 519 526 et
537 488 756 527 cohortibus
776 488 912 539 viginti
931 487 1156 534 auxiliariis,
1178 495 1215 525 et

86 550 253 605 quatuor
283 542 454 580 millium
483 542 671 604 equitatu,
702 557 724 581 a
742 543 915 581 millibus
945 555 1131 603 passuum
1159 541 1217 579 vi-

86 597 201 649 ginti,
234 604 356 635 castra
384 597 501 635 habet
529 597 654 648 posita
685 604 852 645 Παλτῳε
884 604 922 636 et
941 596 1152 658 existimat,
1174 609 1214 634 se

87 652 171 691 sine
181 651 314 703 proelio
327 664 437 703 posse
448 651 609 689 vincere.
639 651 770 689 Nam'
756 665 839 702 Jam
853 651 970 690 ternis
980 650 1215 689 tetradi-ach-

88 706 164 744 mis
182 705 352 744 triticum
371 705 477 757 apud
501 705 747 744 Dolabellam
775 714 841 745 est.
881 706 921 744 N
925 705 971 744 isi
993 705 1088 757 quid
1106 705 1215 743 navi-

85 762 160 799 bus
179 759 486 798 Laodicenorum
501 761 748 811 supportarit,
770 761 843 800 cito
860 761 963 799 fame
980 767 1124 811 pereat,
1145 772 1213 797 ne-

89 828 192 853 cesse
211 821 292 853 est:
322 826 372 852 ne
390 822 614 866 supportare
632 815 763 866 possit..
781 823 818 853 et
833 815 955 855 Cassii
973 815 1099 853 classis
1117 815 1215 852 bene

89 881 247 920 magna,
268 868 331 907 cui
347 876 485 921 praeest
502 869 686 907 Sextilius
706 870 851 918 Rufus,
868 877 905 908 et
922 876 1011 917 tres,
1032 882 1128 920 quas
1145 880 1214 906 nos

89 923 339 970 adduximus,
361 936 445 974 eg0‚
475 923 682 970 Turulius,
702 924 892 972 Patiscus,
921 924 1033 962 facile
1058 930 1217 975 praesta-

89 980 202 1017 bunt.
231 977 287 1016 Et
305 978 391 1015 volo
410 990 477 1015 vos
494 979 592 1016 bene
611 991 773 1029 sperare,
794 986 832 1017 et
856 978 1150 1030 rempublicam,
1171 984 1216 1015 ut

90 1045 157 1071 vos
167 1031 252 1070 istic
265 1031 489 1083 expedistis,
504 1032 558 1069 ita
569 1045 638 1083 pro
653 1032 781 1071 nostra
792 1041 899 1086 parte
919 1032 1087 1071 celeriter
1105 1031 1214 1070 vobis

92 1085 265 1138 expediri
291 1099 416 1137 posse,
443 1086 642 1124 confidere.
686 1087 798 1126 Vale.
828 1087 934 1126 Data
952 1087 1089 1126 Idibus
1114 1086 1213 1124 Jun-

91 1140 237 1194 Cypro,
256 1153 282 1179 a
300 1140 671 1192 Crommyu-acride.

91 1306 206 1354 (14.)
234 1304 544 1344 LENTULUS
573 1302 857 1344 CICERONI
885 1302 994 1343 SUO
1029 1303 1069 1342 S.
1091 1303 1137 1342 P.
1158 1302 1212 1341 D.

145 1411 471 1463 (Argumentum.
488 1433 538 1440 —
554 1412 730 1463 Exponit
747 1422 806 1450 res
825 1425 848 1449 a
867 1424 907 1450 se
925 1419 1072 1462 gestas:
1105 1411 1215 1449 Rho-

89 1466 172 1506 dios
191 1475 367 1506 accusat:
397 1467 704 1518 procurationem
722 1466 831 1505 Asiae
844 1465 961 1518 petit:
992 1465 1130 1504 merita
1147 1479 1217 1504 sua

87 1521 129 1559 in
147 1533 268 1574 remp.
289 1527 594 1569 commemorat.)

142 1629 248 1669 Cum
266 1630 440 1669 Brutum
459 1637 634 1668 nostrum
654 1629 928 1677 convenissem,
951 1642 1120 1681 eumque
1138 1636 1216 1668 tar-

88 1684 177 1724 dius
191 1685 233 1723 in
250 1684 390 1723 Asiam
410 1690 617 1722 venturum
642 1684 999 1733 animadverterem,
1015 1684 1056 1721 in
1074 1684 1215 1723 Asiam

88 1739 200 1788 redii,
229 1746 276 1777 ut
300 1738 480 1790 reliquias
498 1738 576 1776 mei
593 1738 734 1776 laboris
752 1738 984 1799 colligerem,
1004 1745 1042 1777 et
1059 1739 1218 1790 pecuni-

88 1807 153 1833 am
187 1805 307 1845 quam
333 1793 506 1845 primum
526 1793 695 1830 Romam
714 1792 919 1831 mitterem.
963 1793 1128 1831 Inten‘m
1153 1806 1216 1832 co-

87 1848 219 1901 gnovi,
238 1848 280 1885 in
299 1847 423 1898 Lycia
441 1859 522 1885 esse
540 1847 700 1885 classem
722 1846 953 1894 Dolabella-2,
973 1846 1218 1909 ampliusque

87 1909 244 1942 centum
258 1914 374 1940 naves
392 1900 596 1949 onerarias,
616 1901 657 1938 in
676 1914 772 1952 quas
791 1901 978 1940 exercitus
990 1902 1072 1951 ejus
1089 1900 1216 1953 impo-

88 1956 132 1995 ni
149 1963 299 2008 posset:
329 1955 447 2007 idque
465 1954 723 1993 Dolabellam·
740 1969 785 1994 ea
809 1963 938 1994 mente
960 1968 1215 2007 comparasse,

87 2018 150 2058 ut,
170 2010 202 2049 si
220 2010 342 2061 Syriae
360 2022 445 2061 spes
460 2022 550 2048 eum
568 2009 749 2048 frustrata
767 2017 875 2058 esset,
896 2009 1185 2048 conscenderet·
1174 2022 1217 2048 in

87 2077 220 2112 naveS‚
240 2072 278 2102 et
297 2064 454 2102 Italiam
479 2070 637 2115 peteret,
658 2077 774 2116 seque
791 2076 882 2103 cum
899 2063 1084 2102 Antoniis
1103 2070 1141 2102 et
1158 2077 1218 2102 re-

88 2118 208 2170 liquis
225 2118 440 2157 latronibus
465 2119 725 2169 conjungeret.
768 2119 894 2168 Cujus
912 2118 967 2156 rei
985 2125 1092 2156 tanto
1109 2118 1151 2156 in
1169 2118 1218 2156 ti-

87 2185 197 2216 more
215 2172 287 2219 fui,
308 2179 367 2221 ut,
386 2172 568 2211 omnibus
593 2174 707 2211 rebus
727 2173 881 2220 relictis,
910 2185 1000 2211 cum
1029 2172 1218 2224 pauciori-

88 2235 163 2273 bus
182 2233 219 2265 et
237 2226 454 2266 minoribus
478 2227 642 2267 navibus
671 2227 720 2266 ad
746 2227 830 2266 illas
861 2228 916 2265 ire
941 2235 1099 2267 conatus
1129 2227 1216 2266 sim.

145 2283 313 2332 (Epist.)
334 2292 439 2320 vor.
463 2293 492 2320 1.
861 2283 887 2320 2
910 2293 938 2320 x
