1481 2422
1224 69 1242 76 A

254 117 334 156 340
465 116 551 157 AD
580 117 880 161 DIVERSOS.
910 117 1012 159 11111.
1029 117 1109 159 XI.
1141 118 1206 158 13.

300 226 332 264 J
333 239 399 265 am
418 238 496 265 non
514 240 588 280 ago
606 228 677 267 tibi
695 228 853 281 gratias.
884 228 963 269 Cui
981 228 1086 268 enim
1099 241 1140 267 re
1157 227 1225 267 vix
1243 226 1381 266 referre

246 293 421 331 possum,
445 282 537 321 huic
565 283 688 322 verbis
713 296 792 322 non
819 283 967 337 patitur
994 297 1054 322 res
1075 281 1260 322 satisfieri.
1299 281 1379 320 At-

247 335 401 374 tendere
426 343 464 375 te
482 337 583 385 volo,
616 351 704 389 quae
732 338 773 376 in
805 338 986 378 manibus
1016 345 1119 376 sunt.
1157 334 1249 385 Qua
1274 335 1378 374 enim

247 389 453 440 prudentia
471 404 524 440 es,
553 391 651 430 nihil
670 399 707 430 te
725 392 861 444 fugiet,
888 392 919 432 si
943 405 1049 432 meas
1066 392 1194 430 literas
1213 391 1377 441 diligen-

247 451 305 481 ter
329 444 478 496 legeris.
517 446 635 498 Sequi
661 446 859 485 confestim
883 447 1106 486 Antonium
1129 446 1191 484 his
1218 445 1267 484 de
1285 457 1377 483 cau-

248 497 314 546 sis,
336 499 482 545 Cicero,
503 512 581 538 non
600 500 720 552 potui.
749 502 872 540 Eram
891 502 973 540 sine
991 500 1198 554 equitibus,
1214 499 1295 538 sine
1309 499 1376 548 ju-

247 553 416 592 mentis:
460 554 637 594 Hirtium
668 555 824 606 periisse
855 556 1094 594 nesciebam:
1125 553 1268 594 Caesari
1295 565 1373 591 non

248 607 449 646 credebam
481 608 603 660 prius,
638 622 758 661 quam
787 609 1062 660 convenissem,
1096 616 1134 648 et
1165 608 1374 648 collocutus

250 674 385 700 essem.
413 663 492 701 Hic
510 663 590 702 dies
609 663 682 702 hoc
700 664 816 703 modo
835 664 941 704 abiit.

304 716 462 755 Postero
492 717 553 756 die
575 730 689 756 mane
714 731 738 756 a
764 719 893 758 Pansa
921 731 1009 758 sum
1027 717 1225 757 arcessitus
1243 717 1375 756 Bono-

247 770 366 809 niam.
405 771 509 810 Cum
534 772 575 810 in
602 772 737 811 itinere
763 785 900 820 essem,
929 772 1152 812 nuntiatum
1180 771 1278 810 mihi
1304 778 1374 819 est,

250 838 341 863 eum
360 833 559 865 mortuum
585 839 677 866 esse.
712 827 877 866 Recurri
899 827 950 866 ad
974 840 1080 866 meas
1102 826 1294 879 copiolas=
1324 825 1378 864 sic

250 879 355 918 enim
374 893 461 919 vere
480 893 542 920 eas
567 882 759 933 appellare
778 895 950 934 possum.
987 883 1088 922 Sunt
1112 879 1380 920 extenuatissi-

250 946 343 982 mae,
361 942 400 973 et
418 935 549 986 inopia
567 937 744 974 omnium
768 949 897 976 rerum
923 936 1087 989 pessime
1105 942 1279 987 acceptae.
1309 934 1380 973 Bi-

251 988 329 1027 duo
359 1001 423 1027 me
442 990 643 1029 Antonius
676 991 898 1038 antecessit3
932 991 1070 1030 itinera
1097 988 1225 1043 [fecit]
1255 989 1382 1028 multo

251 1044 401 1093 majora
428 1042 596 1095 fugiens,
631 1058 750 1097 quam
780 1058 851 1097 ego
882 1058 1056 1098 sequens.
1093 1045 1168 1084 Ille
1198 1043 1304 1082 enim
1334 1043 1382 1081 iit

252 1098 411 1149 passim,
443 1111 514 1150 ego
546 1099 766 1138 ordinatim.
809 1100 1072 1152 Quacumque
1101 1099 1160 1148 iit,
1191 1098 1384 1151 ergastula

253 1152 380 1200 solvit,
411 1152 588 1192 homines
610 1154 782 1206 arripuit.
825 1154 1007 1194 Constitit
1035 1166 1228 1206 nusquam
1257 1152 1381 1206 prius,

254 1219 374 1258 quam
404 1207 454 1245 ad
478 1208 593 1247 Vada
621 1211 737 1248 venit.
778 1207 909 1257 Quem
940 1210 1070 1248 locum
1099 1209 1187 1247 volo
1211 1207 1282 1246 tibi
1303 1219 1384 1246 esse

254 1268 405 1299 notum.
444 1262 474 1300 J
477 1270 558 1301 acet
585 1263 686 1302 inter
703 1263 961 1315 Apenninum
989 1272 1028 1303 et
1051 1264 1190 1316 Alpes,
1217 1261 1383 1315 impedi-

254 1315 428 1355 tissimus
448 1316 497 1355 ad
515 1317 587 1356 iter
606 1317 838 1357 faciendum.

311 1371 414 1409 Cum
434 1372 605 1410 abessem
625 1374 673 1411 ab
693 1386 737 1411 eo
755 1373 880 1411 millia
897 1385 1082 1426 passuum
1100 1372 1272 1424 triginta,
1292 1378 1330 1410 et
1346 1383 1386 1410 se

251 1425 336 1474 jam
355 1425 563 1464 Ventidius
589 1427 876 1477 conjunxisset3
907 1428 1037 1467 concio
1063 1428 1146 1478 ejus
1171 1426 1222 1465 ad
1245 1438 1311 1464 me
1329 1432 1386 1464 est

255 1479 396 1525 allata3
426 1479 467 1517 in
494 1480 574 1532 qua
598 1489 726 1532 petere
751 1482 863 1534 coepit
891 1496 915 1521 a
932 1482 1134 1528 militibus,
1160 1487 1205 1519 ut
1224 1493 1264 1519 se
1281 1487 1387 1519 trans

255 1533 381 1584 Alpes
401 1543 675 1586 sequerentur:
705 1536 779 1575 sibi
807 1549 897 1575 cum
920 1536 982 1575 M.
1003 1535 1154 1587 Lepido
1173 1534 1386 1573 convenire.

256 1588 546 1627 Succlamatum
561 1597 629 1637 est,
649 1598 686 1628 et
699 1590 932 1643 frequenter,
945 1603 969 1628 a
982 1589 1173 1628 militibus
1184 1588 1387 1629 Ventidia-

257 1641 332 1690 nis,
353 1645 463 1685 (nam
489 1656 577 1682 suos
596 1643 708 1683 valde
732 1657 852 1697 quam
880 1657 1024 1696 paucos
1055 1644 1188 1692 habet)
1219 1643 1294 1683 sibi
1319 1650 1388 1682 aut

258 1696 300 1734 in
320 1696 436 1735 Italia
457 1699 699 1749 pereundum
728 1712 821 1746 esse,
845 1706 914 1737 aut
933 1698 1190 1738 vincendum:
1221 1705 1260 1737 et
1279 1709 1388 1737 orare

259 1758 469 1802 coeperunt,
501 1760 546 1790 ut
571 1752 804 1792 Pollentiam
830 1753 903 1791 iter
921 1752 1100 1792 facerent.
1141 1752 1246 1792 Cum
1274 1751 1390 1792 susti-

260 1817 350 1844 nere
380 1819 442 1844 eos
472 1818 550 1845 non
579 1814 720 1859 posset,
744 1806 786 1846 in
818 1814 1016 1860 posterum
1046 1807 1149 1847 diem
1173 1807 1246 1846 iter
1271 1819 1389 1846 suum

264 1860 439 1899 contulit.

314 1914 404 1953 Hac
432 1927 473 1952 re
503 1914 600 1953 mihi
631 1915 824 1965 nuntiata,
852 1915 982 1955 statim
1015 1916 1189 1969 quinque
1218 1915 1390 1955 cohortes

260 1968 491 2007 Pollentiam
511 1970 693 2020 praemisi,
709 1983 919 2023 meumque
937 1971 1009 2010 iter
1027 1983 1071 2009 eo
1090 1970 1246 2010 contuli.
1280 1968 1390 2008 Hora

259 2029 364 2070 ante,
377 2023 600 2074 praesidium
619 2037 752 2063 meum
762 2024 994 2064 Pollentiam
1014 2025 1131 2073 venit,
1152 2037 1271 2077 quam
1289 2024 1389 2063 Tre-

260 2077 399 2115 bellius
418 2090 506 2116 cum
527 2077 734 2130 equitibus.
764 2081 865 2119 Sane
891 2092 1010 2132 quarn
1030 2078 1316 2131 sumgavisus3
1346 2078 1388 2116 in

259 2131 332 2169 hoc
359 2131 463 2170 enim
482 2132 679 2171 victoriam
704 2141 799 2186 puto
822 2134 1035 2173 consistere.
1071 2133 1120 2172 In
1147 2145 1255 2186 spem
1273 2145 1388 2171 vene-

260 2192 361 2233 rant,
381 2186 486 2238 quod
504 2199 629 2239 neque
655 2187 791 2228 Planci
818 2196 984 2241 quatuor
1007 2189 1178 2240 legiones
1204 2187 1385 2226 omnibus

260 2239 339 2279 suis
358 2240 476 2293 copiis
500 2254 611 2293 pares
635 2242 932 2293 arbitrabantur,
955 2251 1088 2296 nequer
1100 2255 1148 2285 ex
1168 2241 1285 2282 Italia
1303 2248 1383 2280 tam
