1481 2422
253 122 331 161 364
441 122 524 162 AD
554 121 851 164 DIVERSOS.
883 123 982 163 Lm.
1013 121 1114 163 XII.
1145 124 1183 162 5.

390 234 475 280 (5.)
504 231 567 270 M.
587 232 638 272 Τ.
659 232 706 272 C.
736 233 782 272 C.
805 231 1007 274 CASSIO
1036 233 1077 272 S.
1098 232 1146 271 P.
1166 231 1220 271 D.

306 341 363 385 (A
369 342 753 392 rgumentum.—M.
772 343 946 382 Brutum
963 341 1110 388 laudat,
1129 348 1176 380 ut
1192 339 1375 379 accendat

252 396 338 445 ejus
368 397 546 448 exemplo
576 397 755 437 Cassium
783 397 833 436 ad
861 396 1116 434 imitationem
1132 410 1144 434 ι
1173 395 1222 435 (18
1243 394 1372 434 Muti-

249 449 359 489 nensi
376 451 478 490 bello
496 452 618 502 addit,
638 460 675 491 et
689 451 737 489 de
756 459 857 490 statu
876 448 1128 503 reipublicae.)

304 557 490 598 Hiemem
516 560 626 599 credo
654 560 781 599 adhuc
804 559 1059 612 prohibuisse,
1085 558 1295 610 quominus
1325 558 1376 597 de

251 619 289 652 te
307 624 452 652 certum
471 614 715 663 haberemus,
742 615 837 666 quid
864 626 1009 665 ageres,
1037 613 1288 665 maximeque
1304 613 1375 652 ubi

249 680 361 706 85585.
390 668 670 720 Loquebantur
681 681 813 707 omnes
832 676 976 715 tamen,
991 667 1132 714 (credo,
1148 668 1253 719 quod
1270 668 1376 706 vole-

249 721 364 772 bant)
391 723 433 760 111
452 723 564 774 Syria
582 731 619 761 te
638 736 731 772 esse,
758 723 900 761 habere
922 723 1060 774 copias.
1101 721 1150 760 Id
1179 730 1311 765 autem
1329 735 1376 761 eo

247 777 398 816 facilius
418 777 656 825 credebatur,
676 777 768 830 quia
786 777 910 815 simile
923 790 1012 815 vero
1029 776 1242 815 videbatur.
1270 777 1375 815 Bru-

248 838 311 869 tus
330 831 487 883 quidem
507 839 635 870 noster
663 832 854 883 egregiam
872 830 1029 869 laudem
1054 838 1113 870 est
1137 838 1373 870 consecutus.

247 885 329 924 Res
358 887 462 924 enim
492 893 616 924 tantas
646 886 776 938 gessit,
810 894 969 937 tamque
987 885 1220 938 inopinatas,
1250 892 1296 924 ut
1319 898 1375 924 eae

247 952 338 978 cum
358 953 426 992 per
440 954 480 980 se
493 948 612 992 gratae
629 948 768 990 essent,
785 948 869 979 tum
884 939 1091 979 ornatiores
1108 947 1265 992 propter
1277 940 1376 979 8818-

245 994 412 1033 ritatem.

300 1048 420 1097 Quod
439 1050 471 1088 si
490 1058 533 1088 tu
549 1064 592 1089 ea
610 1058 730 1099 tenes,
751 1063 840 1103 quae
856 1056 1059 1117 putamus,
1075 1048 1229 1101 111381115
1247 1049 1372 1088 5111151-

245 1102 319 1141 diis
338 1103 437 1142 fulta
456 1105 671 1156 respublica
689 1113 758 1144 est.
785 1105 827 1143 A
853 1105 981 1156 prima
1000 1105 1104 1144 enim
1122 1117 1191 1143 ora
1210 1103 1372 1143 Graeciae
1404 1119 1406 1121 ·

246 1170 370 1209 usque
406 1158 455 1196 ad
491 1160 728 1221 AEgyptum,
761 1159 996 1211 optimorum
1028 1159 1172 1198 civium
1200 1158 1373 1210 imperiis

244 1212 389 1250 muniti
408 1213 550 1252 erimus
576 1223 614 1252 et
632 1214 761 1266 copiis.
791 1213 1060 1265 Quamquam,
1081 1213 1154 1251 nisi
1172 1225 1238 1251 me
1261 1213 1373 1251 falle-

244 1267 326 1313 bat,
347 1280 406 1305 res
421 1280 459 1306 se
479 1268 532 1307 518
549 1268 729 1317 habebat,
742 1276 787 1306 ut
801 1268 918 1307 totius
928 1268 1020 1307 belli
1031 1280 1147 1306 omne
1165 1267 1369 1306 discrimen

242 1320 285 1358 111
309 1320 363 1359 D.
384 1322 509 1360 Bruto
527 1323 696 1374 positum
722 1323 940 1361 videretur:
971 1322 1041 1374 qui
1058 1322 1103 1369 si,
1123 1329 1168 1360 ut
1193 1323 1371 1374 speraba-

242 1387 346 1423 mus,
367 1376 551 1427 erupisset
565 1377 613 1415 M
617 1376 739 1425 utina,
752 1377 850 1415 nihil
861 1377 952 1415 belli
964 1377 1158 1428 reliquum
1168 1375 1250 1415 fore
1263 1375 1370 1414 vide-

242 1430 369 1467 batur.
413 1431 548 1468 Parvis
568 1431 725 1470 omnino
742 1432 826 1481 jam
845 1431 962 1482 copiis
980 1430 1239 1478 obsidebatur,
1262 1430 1369 1482 quod

241 1495 385 1535 magno
403 1485 579 1536 prasidio
607 1486 826 1524 Bononiam
845 1487 999 1524 tenebat
1017 1484 1226 1523 Antonius.
1269 1484 1368 1527 Erat

239 1546 371 1576 autern
387 1539 578 1578 Claternae
596 1548 722 1578 noster
752 1540 919 1587 Hirtius,
949 1539 998 1577 ad
1027 1539 1174 1577 Forum
1193 1539 1368 1578 Corneli-

239 1605 311 1630 um
337 1593 489 1637 Caesar,·
508 1603 671 1646 uterque
703 1607 792 1633 cum
822 1594 934 1632 firmo
961 1594 1155 1632 exercitu:
1185 1605 1368 1646 magnas·

240 1660 317 1698 que
336 1648 475 1686 Romae
495 1649 624 1687 Pansa
643 1648 770 1700 copias
790 1662 837 1688 ex
855 1648 1004 1687 delectu
1023 1648 1150 1687 Italiae
1169 1660 1369 1700 compara-

240 1702 319 1739 1131.

239 1872 351 1903 turus
370 1865 581 1904 videbatur.
613 1866 758 1904 Praeter
770 1866 1004 1913 Bononiam,
1026 1865 1197 1916 Regium
1209 1866 1365 1918 Lepidi,

239 1918 440 1965 Parmam,
461 1927 582 1958 totam
603 1920 773 1958 Galliam
793 1922 1032 1966 tenebamus,
1047 1919 1365 1959 studiosissimam

238 1973 471 2025 reipublicae.
502 1974 611 2013 Tuos
629 1975 745 2013 etiam
764 1975 922 2013 clientes
941 1974 1239 2025 Transpadanos
1258 1975 1367 2013 miri-

237 2026 308 2066 fice
326 2029 548 2077 conjunctos
566 2041 656 2067 cum
675 2029 791 2067 causa
801 2029 1050 2067 habebamus.
1080 2027 1179 2066 Erat
1193 2028 1369 2068 firmissi.·

236 2093 326 2120 mus
345 2089 514 2130 senatus,
535 2083 703 2135 exceptis
718 2083 1009 2127 consularibus,
998 2097 1008 2106 ·
1039 2095 1087 2121 ex
1100 2083 1245 2134 quibus
1263 2095 1366 2123 unus

236 2135 287 2174 L.
313 2135 442 2175 Caesar
469 2136 604 2175 firmus
623 2144 680 2176 ost
697 2145 735 2176 et
753 2145 890 2176 rectus.
933 2140 1014 2177 Ser.
1049 2136 1211 2188 Sulpicii
1240 2146 1365 2177 morte

229 2202 416 2242 magnum
444 2191 666 2243 praesidium
691 2191 904 2232 3111151111115.
947 2191 1106 2243 Reliqui
1134 2191 1277 2243 partim
1298 2192 1361 2231 in-
