1501 2407
314 87 399 126 AD
428 88 727 131 DIVERSOS.
759 91 859 130 Lm.
881 91 982 131 VII.
1013 93 1052 131 9.
1178 90 1253 130 191

127 195 455 246 liberalissimum,
482 204 636 238 aetatem
661 200 1043 252 opportunissimam,
1063 211 1261 238 commen-

129 250 324 289 dationem
344 260 445 291 certe
464 252 713 304 singularem,
738 255 882 300 habes3
907 262 952 293 ut
977 254 1048 293 tibi
1066 267 1192 292 unum
1210 253 1261 292 ti-

130 304 318 344 mendum
333 306 396 354 sit,
412 320 461 345 ne
475 307 557 359 ipse
576 309 647 347 tibi
661 308 826 348 defuisse
845 310 1007 348 videare.
1037 308 1150 348 Vale.

349 469 437 517 (8.)
468 468 683 509 CICERO
712 470 1036 510 TREBATIO.

185 577 511 627 (Argumentum.
526 579 826 618 ——ExCaesaris
839 580 958 618 literis
973 587 1010 618 et
1024 578 1092 618 sua
1106 592 1264 632 respon-

131 631 236 670 sione
267 640 423 678 narrat3
454 641 491 672 et
523 634 694 672 modeste
731 634 977 686 reprehendit
1015 635 1260 683 Trebatium,

129 686 235 738 quod
254 686 496 727 tribunatum
513 688 775 737 recusaverit.)

185 795 347 847 Scripsit
374 796 424 835 ad
456 810 520 837 me
540 798 669 837 Caesar
694 798 1001 850 perhumaniter,
1033 799 1209 838 nondum
1228 807 1266 838 te

131 849 203 888 sibi
231 850 321 889 satis
348 865 427 890 esse
445 852 676 891 familiarem
694 861 850 905 propter
868 853 1134 905 occupationes
1161 868 1262 901 suas,

131 904 199 942 sed
216 913 318 943 certo
330 905 421 945 fore.
464 908 540 946 Cui
552 908 711 960 quidem
731 921 800 959 ego
813 908 999 960 rescripsi,
1032 921 1150 960 quam
1166 909 1265 947 mihi

131 967 288 1010 gratum
307 968 404 999 esset
422 961 614 1011 futurum,
639 963 671 1001 si
696 976 812 1014 quam
834 963 1050 1014 plurimum
1068 963 1108 1002 in
1128 970 1165 1002 te
1184 971 1266 1001 stu-

133 1013 201 1061 dii,
223 1014 351 1063 officii,
370 1015 608 1055 liberalitatis
628 1031 720 1065 suae,
743 1017 973 1056 contulisset.
1024 1018 1099 1057 Sed
1120 1031 1167 1056 ex
1187 1018 1264 1057 tuis

130 1067 252 1106 literis
280 1071 440 1121 cognovi
458 1084 741 1123 praeproperam
761 1071 1041 1111 festinationem
1062 1080 1199 1118 tuam;
1228 1081 1266 1110 et

133 1122 251 1161 simul
263 1137 350 1162 sum
365 1125 592 1175 admiratus,
611 1140 678 1164 cur
691 1127 907 1164 tribunatus
923 1127 1140 1174 commoda,
1157 1127 1267 1165 dem-

133 1184 174 1215 to
205 1179 417 1229 praesertim
445 1179 576 1219 labore
612 1181 775 1229 militiae,
815 1181 1069 1220 contemseris.
1112 1181 1266 1229 Querar

135 1245 225 1270 cum
245 1232 415 1272 Vacerra
434 1242 472 1272 et
487 1235 678 1273 Manilio:
710 1248 802 1273 nam
825 1234 1005 1275 Cornelio
1024 1236 1123 1274 nihil
1143 1236 1266 1274 audeo

134 1286 272 1333 dicere,
294 1288 403 1337 cujus
424 1295 465 1326 tu
485 1290 654 1340 periculo
673 1290 815 1329 stultus
834 1304 888 1338 es,
905 1303 995 1328 cum
1015 1297 1051 1328 te
1070 1292 1119 1328 ab
1140 1303 1184 1329 eo
1205 1303 1269 1328 sa-

134 1354 225 1392 pere
244 1341 419 1381 didicisse
437 1343 637 1395 profiteris,
680 1344 788 1392 Quin
815 1352 858 1383 tu
878 1358 991 1396 urges
1015 1346 1130 1383 istam
1158 1356 1268 1383 occa-

136 1395 282 1434 sionem
302 1405 339 1435 et
358 1397 594 1447 facultatem,
617 1398 694 1450 qua
720 1400 857 1438 melior
881 1412 1084 1451 nunquam
1104 1400 1268 1451 reperie-

136 1458 200 1488 tur
214 1453 232 1489 Ρ
263 1450 382 1499 Quod
402 1453 532 1491 scribis
547 1453 595 1492 de
614 1454 681 1492 isso
701 1454 887 1492 Preciano
899 1455 1176 1504 jureconsulto,
1198 1467 1270 1505 ego

137 1511 176 1543 te
195 1505 229 1543 ei
241 1518 318 1543 non
333 1506 464 1545 desino
480 1509 762 1546 commendare.
790 1509 929 1548 Scribit
943 1509 1047 1546 enim
1061 1509 1142 1560 ipse
1153 1508 1267 1558 mihi,

137 1565 176 1598 te
196 1559 268 1599 sibi
280 1561 421 1612 gratias
441 1575 552 1613 agere
571 1563 718 1601 debere.
750 1562 814 1601 De
833 1577 877 1602 eo
897 1563 993 1616 quid
1012 1563 1075 1612 sit,
1097 1577 1202 1611 cura,
1223 1570 1270 1601 ut

139 1613 268 1652 sciam.
289 1615 378 1667 Ego
397 1624 539 1656 vestras
550 1617 679 1656 literas
691 1618 934 1657 Britannicas
948 1626 1137 1670 exspecto.
1154 1617 1270 1657 Vale.

322 1778 410 1830 (9.)
441 1780 504 1819 Μ.
527 1781 741 1822 CICERO
770 1782 1094 1823 TREBATIO.

201 1888 428 1940 (Argumen
434 1895 531 1929 1‘21712.
544 1917 600 1924 -—
610 1891 832 1930 Literarum
856 1891 1026 1930 officium
1045 1906 1068 1930 a
1086 1891 1273 1930 Trebatio

143 1943 308 2048 requirit)
320 1957 330 1981 :
361 1954 493 1984 monet
524 1958 573 1984 ne
602 1946 771 1985 reditum
796 1946 837 1984 in
856 1947 1007 1985 Urbem
1031 1959 1274 1999 praepropere

143 2006 285 2049 cupiat.

199 2106 365 2145 Jamdiu
401 2107 549 2160 ignoro,
581 2109 676 2162 quid
701 2123 816 2162 agas:
854 2110 953 2149 nihil
981 2110 1083 2149 enim
1114 2108 1272 2148 scribis:

144 2173 272 2212 neque
291 2175 361 2213 ego
393 2164 443 2201 ad
476 2171 514 2202 te
543 2164 604 2203 his
635 2164 786 2204 duobus
811 2165 1009 2205 mensibus
1035 2164 1273 2217 scripseram.

146 2214 254 2263 Quia
271 2229 361 2256 cum
381 2217 546 2268 Quinto,
572 2219 689 2259 fratre
705 2232 806 2269 meo,
836 2233 914 2260 non
933 2233 1029 2270 eraS‚
1049 2231 1128 2272 quo
1145 2218 1275 2258 mitte.
