1481 2422
307 88 393 130 AD
421 86 724 130 DIVERSOS.
754 87 857 128 Lm.
876 86 956 127 XI.
990 88 1053 127 16.
1168 88 1250 127 343

116 199 252 253 cogito.
281 198 434 239 Literas
453 206 540 238 tuas
558 197 805 238 vehementer
821 205 1012 250 exspecto,
1034 204 1072 236 et
1090 196 1249 250 quidem

118 256 227 305 tales,
247 255 382 307 quales
399 254 572 294 maxime
590 260 694 306 opto.
725 253 837 293 Vale.

114 415 222 469 (16.)
251 416 315 457 M.
336 417 387 456 T.
409 417 457 457 C.
486 416 541 456 D.
568 414 789 511 ΙέΒΒΤΙξ),
820 415 944 455 ΙΜΡ.
976 413 1095 456 COS.
1123 415 1250 457 DES.

132 637 141 646 ⁶
170 583 568 636 (Argumentum.—
585 579 848 622 Commendat
872 579 1055 620 Lamiam
1084 581 1126 620 in
1152 580 1252 634 peti-

113 646 217 678 tione
234 644 443 691 praeturae.)

167 746 378 800 Permagni
400 747 572 795 interest,
602 759 681 798 quo
706 746 778 785 tibi
797 745 880 785 haec
900 753 1072 798 tempore
1090 745 1251 797 epistola

112 802 261 842 reddita
278 803 353 848 sit;
375 809 509 841 utrum
524 814 615 841 cum
631 800 898 840 sollicitudinis
912 800 1061 853 aliquid
1074 800 1248 849 haberes,

111 870 162 897 an
194 870 284 897 cum
313 859 362 897 ab
392 856 500 895 omni
527 856 704 895 molestia
729 868 874 894 vacuus
900 868 1010 894 esses.
1052 855 1194 907 Itaque
1217 854 1253 893 ei

109 912 287 965 praecepi,
326 925 446 964 quem
475 911 526 950 ad
554 919 593 950 te
624 910 729 958 misi,
760 917 806 948 ut
838 918 994 962 tempus
1030 911 1250 949 observaret

109 967 279 1020 epistolae
310 967 382 1006 tibi
411 966 627 1006 reddendae.
667 965 791 1013 Nam,
815 964 1163 1017 quemadmodum,
1185 976 1248 1003 co-

110 1035 195 1061 ram
222 1022 291 1075 qui
317 1022 367 1061 ad
396 1035 466 1061 nos
491 1020 759 1073 intempestive
784 1020 942 1068 adeunt,
968 1019 1123 1058 molesti
1149 1031 1250 1071 saepe

109 1084 214 1127 sunt,
245 1077 299 1117 sic
329 1077 500 1130 epistolae
525 1075 740 1124 offendunt,
767 1087 846 1114 non
878 1075 962 1113 loco
993 1072 1165 1113 redditae.
1205 1073 1249 1113 Si

109 1139 242 1171 autem
264 1135 327 1177 (ut
344 1139 471 1185 spero)
498 1131 598 1170 nihil
620 1138 658 1169 te
683 1131 899 1182 perturbat,
926 1128 1026 1167 nihil
1049 1127 1246 1180 impedit;

109 1194 148 1226 et
165 1187 246 1237 ille,
275 1187 339 1226 cui
357 1186 556 1235 mandavi,
577 1185 673 1235 satis¹
694 1185 786 1224 scite
809 1192 847 1223 et
872 1182 1074 1223 commode
1093 1190 1248 1235 tempus

108 1241 158 1280 ad
185 1249 223 1282 te
250 1242 351 1295 cepit
377 1241 574 1287 adeundi3
605 1239 770 1290 confido,
797 1252 876 1290 me,
902 1237 1009 1291 quod
1028 1237 1161 1287 velim,
1189 1237 1250 1276 fa·

109 1296 181 1336 cile
199 1310 223 1336 a
241 1304 279 1336 te
297 1297 610 1350 impetraturum.
685 1332 690 1337 .

164 1351 214 1390 L.
231 1351 373 1390 Lamia
390 1359 599 1404 praeturam
618 1349 727 1402 petit.
758 1349 848 1389 Hoc
867 1361 938 1401 ego
959 1355 1045 1387 utor
1064 1360 1143 1387 uno
1162 1359 1248 1386 om-

108 1406 221 1447 nium
238 1407 468 1459 plurimum.
506 1405 659 1457 Magna
676 1412 860 1453 vetustas,
880 1416 1024 1455 magna
1043 1409 1249 1441 consuetu-

109 1461 161 1501 do
178 1461 402 1501 intercedit:
433 1460 616 1514 quodque
638 1459 854 1511 plurimum
882 1458 998 1506 valet,
1032 1456 1131 1495 nihil
1148 1456 1248 1495 mihi

110 1517 195 1567 ejus
225 1524 282 1556 est
309 1515 570 1555 familiaritate
604 1514 828 1565 jucundius.
876 1512 1029 1564 Magno
1061 1519 1247 1563 praeterea

110 1571 296 1611 beneficio
332 1572 430 1622 ejus,
468 1582 688 1622 magnoque
724 1568 877 1616 merito,
916 1580 1005 1606 sum
1038 1567 1245 1618 obligatus.

110 1626 235 1676 Nam,
263 1625 463 1666 Clodianis
489 1624 742 1676 temporibus,
772 1635 863 1662 cum
889 1622 1074 1674 equestris
1103 1621 1248 1660 ordinis

111 1682 288 1734 princeps
307 1689 417 1729 esset,
437 1692 585 1733 proque
611 1679 701 1717 mea
724 1678 848 1716 salute
873 1677 1056 1715 acerrime
1075 1689 1247 1728 propug-

110 1744 234 1786 naret,
255 1749 279 1774 a
298 1735 466 1776 Gabinio
480 1733 636 1774 consule
653 1733 846 1784 relegatus
866 1740 943 1778 αις
974 1730 1080 1783 quod
1098 1738 1187 1769 ante
1206 1730 1247 1769 id

112 1798 268 1844 tempus
286 1790 361 1830 civi
385 1790 567 1829 Romano
589 1787 750 1839 contigit
768 1786 928 1826 nemini.
958 1786 1048 1825 Hoc
1067 1798 1158 1824 cum
1176 1797 1246 1837 po-

110 1846 228 1898 pulus
258 1847 461 1885 Romanus
488 1842 723 1891 meminerit,
743 1855 807 1881 me
831 1841 963 1895 ipsum
994 1853 1074 1880 non
1105 1838 1247 1879 memi-

109 1901 210 1940 nisse
229 1899 497 1953 turpissimum
516 1906 584 1938 est.

165 1955 413 2008 Quapropter
441 1953 629 2007 persuade
655 1952 742 2001 tibi,
766 1951 824 1991 mi
854 1952 996 2001 Brute,
1022 1963 1087 1989 me
1114 1957 1244 2001 petere

110 2021 332 2064 praeturam.
362 2009 619 2061 Quamquam
647 2007 752 2046 enim
779 2006 922 2046 Lamia
940 2017 1095 2045 summo
1114 2004 1246 2055 splen-

110 2066 216 2114 dore,
248 2065 404 2105 summa
428 2061 551 2116 gratia
575 2069 646 2112 est,
674 2061 1056 2114 magnificentissimo
1085 2070 1247 2097 munere

111 2120 298 2167 aedilici03
328 2127 474 2167 tamen,
506 2117 617 2170 quasi
642 2131 687 2156 &a
713 2117 768 2155 ita
786 2129 865 2155 non
895 2123 1034 2163 essent,
1062 2127 1133 2166 ego
1162 2126 1247 2152 sus-

109 2175 194 2228 cepi
213 2182 338 2214 totum
358 2173 570 2226 negotium.
600 2173 734 2221 Nunc,
749 2172 781 2211 si
800 2185 863 2210 me
878 2172 975 2210 tanti
987 2169 1095 2217 facis,
1108 2167 1245 2221 quanti

110 2237 210 2270 certe
228 2229 336 2280 facis,
357 2228 514 2282 quando
532 2227 710 2281 equitum
730 2226 920 2268 centurias
939 2234 1059 2275 tenes,
1075 2223 1116 2264 in
1136 2221 1245 2276 queis
