1481 2422
266 117 351 158 AD
380 117 680 158 DIVERSOS.
711 117 813 156 Lm.
834 117 913 157 XI.
943 118 1014 155 23.
1121 115 1205 154 :349

129 227 232 267 Cum
251 228 386 281 Appio
406 228 586 276 Claudio,
615 228 660 267 C.
681 228 728 266 F.
749 239 904 267 summa
929 226 1028 265 mihi
1045 224 1208 264 necessi-

74 283 169 321 tudo
197 291 268 331 aet,
296 284 431 323 multis
461 285 544 334 ejus
572 283 719 330 officiis,
747 290 785 321 et
807 282 902 320 meis
927 281 1089 328 mutuis,
1119 291 1209 318 con-

73 338 218 376 stituta.
249 339 346 377 Peto
364 352 388 377 a
407 346 443 377 te
461 340 650 389 majorem
675 338 716 376 in
742 336 921 383 modum,
947 337 1005 374 ve]
1025 333 1209 373 humani-

73 392 163 431 tatis
181 400 260 431 tuae
278 393 339 432 vel
357 406 444 431 mea
464 407 593 440 causa,
608 400 652 431 ut
672 405 762 431 eum
781 391 1005 430 auctoritate
1024 390 1106 437 tua,
1121 401 1211 441 quae

73 447 290 498 plurimum
318 449 433 495 valet,
460 457 726 486 conservatum
755 447 861 485 velis.
892 447 930 484 V
933 446 1009 492 olo,
1039 452 1090 488 te,
1118 455 1209 482 cum

73 502 304 541 fortissimus
330 503 388 541 vir
416 503 591 554 cognitus
624 502 689 551 sis,
721 501 838 540 etiam
867 499 1210 540 clementissimum

75 556 299 596 existimari.
331 557 483 609 Magno
502 558 573 596 tibi
585 557 656 596 erit
670 564 909 602 ornamento,
926 555 1212 614 nobilissimum

73 611 356 652 adolescentem
380 612 564 652 beneficio
593 620 661 651 tuo
684 625 765 651 esse
784 611 948 649 salvum.
979 609 1104 659 Cujus
1125 607 1214 660 qui-

77 666 168 705 dem
187 680 304 706 causa
320 666 394 707 hoc
419 667 555 706 melior
580 667 694 706 debet
716 680 809 714 esse,
836 665 956 718 quod,
982 664 1125 717 pietate
1144 663 1214 701 ad-

77 721 231 770 ductus,
257 730 414 783 propter
434 722 553 774 patris
583 722 878 768 restitutionem,
906 733 945 759 se
975 732 1065 759 cum
1083 721 1214 758 Anto-

76 776 142 816 nio
161 777 376 827 conjunxit.
406 777 554 826 Quare,
579 777 650 815 etsi
668 777 799 815 minus
819 789 949 814 veram
969 787 1125 813 causam
1143 773 1214 811 ha-

77 831 202 880 bebis,
230 839 359 870 tamen
379 832 441 870 vel
466 832 706 884 probabilem
731 831 904 883 aliquam
931 829 1074 882 poteris
1098 827 1216 866 indu-

78 900 174 926 cere.
205 887 340 925 Nutus
359 894 450 925 tuus
473 894 598 939 potest
616 887 830 933 hominem,
858 898 1012 924 summo
1034 885 1117 922 loco
1145 894 1216 921 na-

79 948 182 989 tum,
203 953 357 980 summo
369 942 538 993 ingenio,
555 942 710 980 summa
724 942 878 987 virtute,
894 939 1215 979 officiosissimum

79 1003 263 1049 praeterea
286 1003 323 1034 et
347 997 626 1048 gratissimum,
654 997 889 1035 incolumem
914 995 955 1033 in
981 994 1133 1033 cimate
1157 1005 1218 1031 re-

82 1051 216 1090 tinere.
245 1050 366 1100 Quod
387 1059 432 1090 ut
454 1051 584 1100 facias,
605 1051 660 1090 ita
678 1065 701 1090 a
726 1059 764 1090 te
784 1059 886 1102 peto,
907 1057 952 1089 ut
970 1050 1117 1099 majore
1136 1055 1217 1087 stu-

80 1106 160 1157 dio,
175 1106 348 1159 maoisve
367 1120 416 1146 ex
434 1107 579 1155 animo,
599 1115 728 1159 petere
746 1117 826 1145 non
845 1106 1002 1159 possim.
1029 1104 1145 1143 Vale.

192 1273 307 1326 (23.)
338 1275 392 1314 D.
424 1274 654 1316 BRUTUS
683 1275 746 1315 M.
767 1276 818 1315 T.
841 1274 888 1315 C.
917 1276 958 1316 S.
980 1274 1027 1313 P.
1048 1271 1103 1311 D.

138 1384 467 1436 (Argumentum.
482 1408 538 1414 —
552 1386 611 1425 Ut
642 1388 742 1425 bene
769 1385 818 1424 de
849 1384 1048 1438 republica
1077 1389 1216 1436 speret,

83 1439 260 1480 hortatur
275 1441 515 1490 Ciceronem,
536 1442 649 1492 cujus
667 1441 797 1480 literas
816 1446 1044 1493 exspectat.)

138 1550 224 1589 Nos
241 1550 308 1590 hic
326 1550 501 1590 valemus
520 1558 646 1597 recte;
677 1559 728 1599 et,
750 1564 828 1604 quo
846 1551 987 1590 melius
1006 1549 1219 1597 valeamus,

84 1618 244 1658 operam
270 1605 462 1645 dabimus.
492 1605 668 1658 Lepidus
693 1606 895 1645 commode
927 1605 975 1644 de
999 1604 1112 1644 nobis
1135 1616 1221 1642 sen-

84 1660 156 1699 tire
175 1660 340 1699 videtur.
369 1660 495 1700 Omni
519 1661 657 1700 timore
678 1660 867 1713 deposito,
892 1660 1079 1700 debemus
1101 1659 1221 1697 libere

82 1715 306 1768 reipublicae
324 1716 532 1754 consulere.
571 1714 692 1764 Quod
714 1715 747 1755 si
763 1715 896 1754 omnia
925 1722 1051 1754 essent
1081 1713 1221 1762 aliena,

84 1778 217 1809 tamen
235 1770 360 1809 tribus
385 1770 501 1809 tantis
526 1770 770 1818 exercitibus,
794 1769 959 1823 propriis
981 1768 1218 1822 reipublicae,

84 1824 316 1874 valentibus,
335 1837 527 1876 magnum
546 1825 723 1864 animum
741 1825 884 1864 habere
901 1824 1082 1872 debebas,
1103 1836 1222 1876 quem

86 1886 125 1918 et
143 1892 295 1932 semper
320 1879 504 1928 habuisti,
531 1887 569 1919 et
587 1892 706 1927 nunc,
733 1879 890 1918 fortuna.
907 1880 1130 1930 adjuvante,
1151 1891 1222 1916 au-

86 1947 176 1986 gere
193 1941 315 1996 potes.
345 1933 449 1982 Quae
474 1934 546 1974 tibi
568 1934 828 1986 superioribus
847 1934 966 1973 literis
993 1946 1081 1973 mea
1098 1945 1221 1971 manu

85 1989 232 2041 scripsi,
264 1988 432 2028 terrendi
463 1989 523 2027 tui
555 1989 671 2029 causa
698 1988 874 2028 homines
906 1989 1134 2041 loquuntur.
1181 1986 1225 2026 Si

83 2042 241 2082 frenum
252 2044 518 2093 momorderis,
538 2057 709 2097 peream,
726 2043 759 2082 si
778 2051 816 2082 te
834 2055 982 2091 omnes,
1003 2051 1098 2095 quot
1117 2048 1222 2090 sunt,

85 2104 291 2137 conantem
314 2098 425 2151 loqui
452 2098 551 2138 ferre
583 2105 778 2151 poterunt.
806 2098 895 2150 Ego
927 2098 1018 2151 (tibi
1039 2105 1085 2136 ut
1110 2103 1225 2135 antea

85 2151 237 2205 scripsi)
259 2152 355 2192 dum
373 2153 473 2192 mihi
491 2167 515 2193 a
532 2161 571 2193 te
587 2153 708 2192 literae
719 2153 886 2199 veniant,
899 2152 942 2192 in
961 2152 1079 2192 Italia
1096 2163 1226 2190 mora-

88 2208 172 2246 bor.
202 2207 317 2247 VIII
337 2207 423 2246 Cal.
443 2209 473 2247 J
476 2221 542 2248 un.
563 2207 773 2261 Eporedia.

146 2263 316 2314 (Epist.)
338 2274 446 2303 von.
469 2275 499 2302 1.
870 2265 895 2302 2
917 2275 949 2305 Η
