1501 2407
326 127 411 166 AD
438 125 743 170 DIVERSOS.
768 126 959 165 Lfflsn.
993 127 1054 164 10.
1196 126 1243 164 41

132 249 209 276 11011
227 234 460 287 negligentia
478 234 580 281 mea,
596 234 662 273 sed
673 233 909 285 ignoratione
919 247 1046 273 rerum
1060 235 1247 273 omnium.

130 292 180 330 In
199 290 258 329 his
277 290 380 328 enim
400 301 487 327 sum
505 288 611 336 locis,
637 301 730 339 quo,
754 299 792 326 et
816 295 970 340 propter
990 288 1250 340 longinquita-
1299 324 1302 326 ,

127 352 220 393 tem,
252 352 290 382 et
321 350 475 394 propter
496 342 708 391 latrocinia,
733 342 946 380 tardissime
967 343 1097 380 onmia
1124 343 1248 394 perfe-

125 406 274 436 runtur.
303 397 359 435 Et
388 410 478 435 cum
507 397 691 447 gratulor,
718 404 804 434 tum
822 409 926 444 vero,
954 396 1094 448 quibus
1120 397 1244 435 verbis

124 452 194 491 tibi
212 451 353 503 gratias
381 463 509 501 agam,
530 463 607 488 non
633 450 793 501 reperio,
823 450 927 502 quod
956 450 1010 488 ita
1034 450 1156 489 factus
1177 451 1241 498 sis,

124 514 169 544 ut
186 505 333 545 dederis
351 505 475 551 nobis,
497 504 842 555 (quemadmodum
867 504 1066 555 scripseras
1095 504 1145 543 ad
1162 512 1243 552 me)

125 573 242 612 quem
260 573 411 611 semper
428 559 549 597 ridere
567 571 776 609 possemus.
806 558 946 619 Itaque
964 571 1053 597 cum
1071 559 1244 610 primum

125 614 270 662 audivi,
290 627 360 665 ego
379 612 471 651 ille
461 625 541 663 ipse
564 613 686 650 factus
704 625 816 650 sum:
848 613 918 650 scis
943 625 1060 664 quem
1090 613 1240 651 dicam:

124 668 262 719 egique
291 680 423 707 omnes
454 666 540 705 illos
569 667 835 714 adolescentes,
867 679 963 717 quos
992 666 1057 704 ille
1081 667 1242 716 jactitat.

125 722 292 775 Difficile
318 728 374 760 est
390 721 511 772 loqui.
542 724 571 744 “
591 720 652 758 Te
677 728 808 759 autem
828 721 1088 771 contemplans
1107 722 1243 759 absen-

122 771 216 825 tem,
247 783 285 814 et
314 775 424 827 quasi
452 783 580 813 tecum
606 787 734 813 coram
764 775 952 826 loquerer,
979 787 1056 812 uon
1082 775 1242 826 aedepol,

122 838 308 881 quantam
328 829 446 881 egeris
458 842 554 877 rem,
569 841 694 880 neque
705 837 895 880 quantum
906 828 1054 867 facinus
1071 828 1242 868 feceris?

123 884 244 932 Quod
262 885 353 936 quia
371 891 507 935 praeter
525 883 745 934 opinionem
763 883 861 920 mihi
881 882 1079 931 acciderat,
1106 884 1243 923 refere-

122 939 214 976 bam
231 951 296 977 me
314 938 363 976 ad
374 937 473 975 illud
489 951 499 974 ε
532 940 560 959 “
574 936 802 975 Incredibile
816 937 888 975 hoc
901 937 1005 975 factu
1023 937 1213 987 objicitur.
1216 940 1242 957 ''

123 993 298 1044 Repente
329 1005 416 1031 vero
445 990 580 1030 incessi
606 994 635 1013 ⁴<
656 991 835 1029 omnibus
870 990 1023 1030 laetitiis.
1029 991 1054 1008 ’⁹
1084 992 1133 1029 In
1163 1006 1242 1044 quo

120 1059 210 1085 cum
227 1048 288 1096 obj
295 1058 462 1097 urgarer,
476 1045 580 1097 quod
598 1045 718 1082 nimio
729 1045 869 1095 gaudio
880 1057 989 1096 paene
1003 1044 1240 1109 desiperem·
1227 1077 1241 1094 ‚

119 1100 174 1139 ita
203 1114 266 1139 me
298 1099 573 1138 defendebam:
607 1102 635 1122 ‘'-
652 1099 710 1137 E
691 1112 739 1149 go
770 1099 1005 1150 voluptatem
1035 1100 1155 1138 animi
1183 1103 1243 1140 ni-

119 1155 266 1193 miam.⁹
271 1154 420 1202 'Quid
439 1153 600 1204 quaeris.
592 1155 608 1181 9
638 1153 716 1190 dm
708 1166 733 1190 1
753 1154 865 1190 illum
889 1153 1006 1198 rideo,
1027 1167 1136 1204 paene
1155 1169 1242 1196 sum

118 1209 242 1247 factus
260 1209 337 1247 ille.
368 1208 444 1247 Sed
461 1208 543 1245 haec
561 1207 750 1258 pluribus,
767 1208 968 1259 multaque
986 1208 1061 1246 alia
1080 1216 1117 1245 et
1135 1209 1182 1247 de
1201 1218 1241 1248 te

120 1271 158 1301 et
183 1263 232 1301 ad
258 1271 309 1311 te,
336 1275 426 1301 cum
451 1261 624 1313 primum
651 1274 713 1299 ero
739 1261 885 1312 aliquid
911 1261 979 1299 otii
1005 1270 1150 1301 nactus.
1179 1265 1241 1302 Te

119 1330 222 1365 vero,
243 1317 300 1354 mi
324 1316 442 1363 Rufe,
463 1315 596 1366 diligo,
617 1328 734 1366 quem
753 1315 851 1352 mihi
869 1315 1023 1353 fortuna
1040 1316 1145 1354 dedit
1159 1331 1242 1355 am.

63 1402 66 1406 .
123 1371 374 1424 plificatorem
402 1369 598 1421 dignitatis
616 1382 726 1417 meae,
747 1369 927 1417 ultorem,
954 1382 1031 1407 non
1050 1371 1194 1409 1110ᾶο
1183 1385 1243 1410 111-

118 1425 336 1472 imicomm,
353 1424 420 1464 sed
438 1424 553 1462 etiam
563 1423 783 1461 invidorum
794 1436 996 1468 meorum3
1017 1431 1062 1461 ut
1080 1438 1142 1463 eos
1154 1439 1242 1477 par-

119 1479 191 1517 tim
210 1480 395 1519 scelerum
414 1491 586 1527 suorum,
601 1477 744 1530 partim
763 1477 879 1516 etiam
898 1478 1146 1529 ineptiarum,
1162 1493 1241 1532 poe.

119 1533 268 1573 niteret.
298 1533 410 1573 Vale.

120 1702 234 1750 (lo.)
288 1699 351 1739 Μ.
383 1699 434 1738 Τ.
469 1699 516 1738 C.
568 1698 690 1738 IMP.
738 1684 801 1735 M
831 1695 1024 1736 COELIO
1067 1695 1239 1744 RUFO.

263 1753 448 1794 AEDILI
476 1753 696 1793 CURULI
724 1750 954 1790 DESIGN.
983 1752 1023 1790 S.
1044 1749 1098 1788 D.

176 1864 502 1914 (Argumentum.
513 1860 787 1910 —Querendo
800 1860 848 1900 de
859 1859 1080 1908 tabellariis,
1101 1859 1247 1901 occulte

122 1919 289 1958 Coelium
313 1916 556 1969 negligentiae
579 1917 778 1955 literarum
803 1921 977 1954 accusat.
1007 1927 1066 1952 res
1089 1926 1176 1951 suas
1202 1913 1244 1951 in

120 1974 280 2012 Amano
303 1980 427 2023 gestas
451 1977 605 2009 narrat·
636 1978 687 2017 et,
718 1983 767 2008 ne
788 1968 983 2021 provincia.
1005 1975 1243 2019 prorogetur,

121 2036 254 2078 rogat:
284 2026 333 2067 de
350 2039 430 2078 rep·
451 2024 557 2077 cupit
574 2024 709 2064 certior
726 2024 838 2072 fieri.)

619 2094 730 2108 ..h-—

173 2135 240 2174 Tu
272 2134 371 2182 vide,
402 2146 520 2185 quam
546 2133 596 2172 ad
626 2146 688 2171 me
716 2132 836 2171 literae
864 2144 940 2169 non
978 2129 1243 2182 perferantur.

121 2202 198 2231 11011
217 2189 320 2227 enim
335 2201 497 2240 possum
505 2187 658 2236 adduci,
671 2194 717 2225 ut
730 2189 798 2226 abs
813 2194 864 2233 te,
879 2192 1010 2237 postea
1021 2197 1140 2236 quam
1157 2182 1249 2220 aedh

116 2242 167 2282 lis
196 2257 236 2283 es
267 2243 406 2294 factus,
439 2242 567 2282 nullas
593 2249 729 2294 putem
754 2241 887 2280 datas·
876 2269 889 2287 ‚
920 2237 1130 2331 pgaesertim
1157 2249 1249 2276 cum

894 2303 922 2332 Ε
