1501 2407
158 116 234 155 180
342 115 426 154 AD
455 114 753 156 DIVERSOS.
782 115 883 154 Lm.
913 116 990 157 VI.
1018 118 1084 156 22.

200 223 289 276 Ego
312 223 344 263 si
370 231 408 263 te
431 224 685 277 intelligerem
713 225 804 277 plus
845 233 1027 264 conatum
1050 238 1131 265 oese
1152 225 1271 266 susci-

148 291 238 332 pere
255 278 474 330 reipublicae
493 280 609 318 caus&
624 279 811 327 muneris,
831 293 950 331 quam
969 288 1159 332 quantum
1173 294 1273 332 prae-

149 339 248 371 stare
279 345 422 385 posses,
453 341 597 382 tamen,
621 334 931 386 quibuscumque
959 335 1073 373 rebus
1102 347 1270 387 possem,

149 387 199 426 ad
218 400 304 426 eam
329 387 585 426 conditionem
607 396 645 426 te
671 388 837 436 vivendi,
864 402 952 440 quae
978 388 1146 437 daretur,
1166 403 1273 441 quae-

151 454 228 493 que
258 450 368 489 esset,
388 441 574 480 hortarer.
604 442 694 491 Sed,
715 455 804 485 cum
824 443 971 481 consilii
988 442 1061 492 tui,
1080 444 1179 482 bene
1196 443 1274 482 for·

149 494 314 547 'titerque
346 496 524 547 suscepti,
558 509 648 535 eum
681 496 751 534 tibi
780 497 897 535 finem
929 497 1120 546 statueris,
1154 510 1272 549 quem

149 549 235 601 ipsa
251 549 406 589 fortuna
423 551 633 588 terminum
650 560 867 589 nostrarum
886 551 1173 590 contentionum
1193 564 1274 590 esse

152 603 334 642 voluisset
349 618 361 650 ς
393 616 459 643 oro
477 606 719 656 obtestorque
734 612 784 654 te,
804 618 875 656 pro
894 611 1018 643 vetere
1036 606 1165 644 nostr&
1184 618 1275 644 con-

146 657 346 707 junctione
375 671 418 697 ac
446 658 737 704 necessitudine,
763 672 910 710 proque
935 658 1089 698 summa
1113 657 1201 699 meir
1230 660 1274 699 in

149 718 189 750 te
207 712 485 760 benevolentia,
513 720 550 750 et
573 713 641 751 tu&
667 712 707 750 in
725 725 789 750 me
815 713 913 764 pari,
935 720 971 751 te
999 720 1044 752 ut
1061 714 1185 763 nobis,
1205 728 1275 766 pa-

150 765 263 815 renti,
283 766 453 818 conjugi,
479 766 632 818 tuisque
657 767 850 815 omnibus,
872 766 1013 818 quibus
1033 780 1072 806 es
1089 768 1275 820 fuistique

153 831 305 872 semper
337 821 565 868 carissimus,
598 821 746 859 salvum
772 833 990 860 conserves:
1019 821 1276 861 incolumitati

149 881 242 922 tuae,
263 882 510 926 tuorumque,
530 874 599 926 qui
626 887 674 912 ex
693 882 730 912 te
747 875 929 926 pendent,
949 876 1127 915 consulas
1143 891 1154 915 ι
1184 890 1274 929 quae

149 927 332 975 didicisti,
354 941 517 979 quaeque
540 930 588 966 ab
614 928 879 977 adolescentia,
898 930 1154 981 pulcherrime
1172 944 1196 969 a
1213 944 1273 970 sa-

151 982 398 1033 pientissimis
421 982 509 1021 viris
537 982 690 1030 tradita,
714 984 902 1022 memoria
927 991 964 1022 et
987 984 1144 1023 scientia
1168 998 1274 1024 com-

149 1036 398 1088 prehendisti,
418 1035 464 1074 iis
478 1035 550 1075 hoc
565 1044 736 1088 tempore
753 1045 862 1076 utare
878 1053 888 1076 ε
919 1051 1030 1090 quos,
1051 1040 1274 1089 conjunctos

150 1091 306 1129 summa
334 1091 598 1129 benevolentia
629 1091 885 1143 plurimisque
915 1092 1062 1143 officiis,
1095 1094 1270 1142 amisisti,

151 1157 286 1183 eorum
317 1144 562 1194 desiderium,
601 1145 634 1183 si
665 1157 744 1184 non
774 1159 886 1197 aequo
917 1147 1062 1197 animo,
1096 1155 1136 1186 at
1166 1148 1270 1198 forti,

147 1197 259 1237 feras.

205 1253 308 1304 Ego,
338 1253 433 1305 quid
451 1253 609 1305 possim,
629 1254 781 1301 nescim
811 1255 874 1294 vel
889 1255 1018 1306 potius
1041 1268 1105 1294 me
1130 1269 1271 1308 parum

151 1319 261 1358 posse
290 1307 438 1346 sentio:
468 1308 566 1346 illud
593 1316 724 1347 tamen
752 1309 823 1348 tibi
844 1308 1040 1361 polliceor,
1059 1322 1138 1359 me,
1165 1324 1272 1363 quae-

151 1374 318 1413 cumque
343 1361 458 1399 saluti
487 1362 742 1414 dignitatique
773 1371 851 1402 tuae
875 1363 1083 1403 conducere
1111 1365 1271 1404 arbitra-

150 1416 235 1464 bor,
255 1423 362 1454 tanto
391 1416 517 1454 studio
536 1429 615 1455 &sse
641 1416 849 1466 facturum,
876 1425 1021 1469 quanto
1045 1431 1197 1470 semper
1226 1427 1269 1458 tu

151 1475 189 1507 et
209 1469 334 1508 studio
353 1476 390 1508 et
408 1469 530 1509 officio
549 1470 589 1508 in
608 1471 705 1509 meis
730 1473 844 1510 rebus
860 1471 978 1510 fuisti.
1008 1472 1125 1512 Hanc
1141 1485 1270 1512 meam

150 1523 388 1562 voluntatem
418 1524 467 1562 ad
495 1532 659 1563 matrem
689 1533 813 1573 tuam,
848 1525 1033 1577 optimam
1067 1526 1268 1576 feminam,

149 1577 285 1629 tuique
303 1578 620 1626 amantissimam,
644 1578 775 1618 detuli.
807 1579 849 1618 Si
871 1579 966 1631 quid
990 1580 1040 1619 ad
1063 1593 1128 1620 me
1151 1582 1270 1634 scn'p-

149 1631 257 1681 seris,
276 1631 330 1669 ita
359 1631 511 1680 faciam,
538 1641 583 1671 ut
607 1640 645 1671 te
662 1633 760 1672 velle
786 1633 1022 1673 intellexero.
1050 1634 1119 1674 Sin
1138 1642 1266 1675 autem

150 1691 195 1722 tu
227 1685 357 1724 minus
387 1686 591 1738 scripseris,
625 1700 696 1739 ego
732 1695 862 1727 tamen
895 1688 1038 1737 omnia,
1079 1702 1167 1741 quae
1197 1690 1270 1729 tibi

149 1739 261 1777 utilia
293 1741 628 1833 esssalarbitrabor,
659 1754 813 1782 summo
841 1742 969 1782 studio
992 1742 1271 1797 diligenterque

148 1795 304 1833 curabo.
413 1807 444 1834 e.
