1501 2407
271 86 319 123 14
489 85 572 124 AD
602 85 897 126 DIVERSOS.
927 87 1027 125 LIB.
1048 85 1083 124 Ι.
1112 87 1150 123 8.

265 192 358 244 (11113
376 200 413 231 te
426 193 565 244 dignus
583 201 640 233 est
658 194 775 242 1111115,
803 202 840 233 et
857 194 950 246 (11113
967 206 1037 232 1105
1055 193 1194 244 diligit,
1214 205 1379 245 semper-

265 260 348 339 (1115
359 246 506 297 dilexit,
526 248 566 286 in
587 248 722 300 primis
748 261 938 297 amamus,
957 260 1165 300 earumque
1181 247 1379 287 habemus.

350 314 381 339 e.

269 463 355 510 (8.)
389 463 451 502 Μ.
472 463 522 501 Τ.
544 463 588 502 C.
620 464 666 502 P.
683 463 980 512 LENTULO,
1008 461 1240 502 PROCOS.
1269 464 1309 504 S.
1329 464 1383 503 D.

324 571 379 614 (Α
386 577 647 621 rgumentnm.
662 572 791 611 —De
820 578 920 610 statu
951 584 1081 609 rerum
1109 571 1264 622 publico
1295 585 1383 611 con-

270 625 467 676 queritur:
498 626 713 664 Lentulum
741 627 896 672 solatur,
922 639 988 676 spe
1016 625 1156 676 exigua
1181 638 1303 664 causae
1326 640 1385 666 re-

271 679 359 729 giae,
386 686 453 717 aut
482 680 762 731 propemodum
795 680 1005 718 exstincta:
1049 678 1246 717 certiorem
1278 693 1386 732 spem

271 733 593 784 supplicationum
611 734 714 782 facit,
734 742 779 772 ut
792 734 961 772 dolorem
978 732 1140 772 Lentuli
1156 733 1305 781 leniat.)

325 840 389 878 De
400 842 578 880 omnibus
590 844 703 881 rebus
717 855 805 893 quae
816 841 865 878 ad
876 848 914 879 te
924 841 1127 891 pertinent,
1137 841 1232 891 quid
1243 849 1387 891 actum,

273 895 368 957 quid
387 895 635 933 constitutum
658 897 718 943 sit,
743 895 838 946 quid
858 895 1070 955 Pompeius·
1084 895 1300 945 susceperit,
1320 909 1389 948 op-

273 950 368 987 time
387 962 435 986 ex
450 948 533 997 [M.
543 950 741 1001 Plaetorio]
757 961 984 999 cognosces3
1006 948 1073 999 qui
1091 961 1168 986 non
1187 949 1342 988 50111111
1331 963 1391 988 111-

273 1003 405 1041 terfuit
423 1003 483 1040 his
501 1005 627 1051 rebus,
648 1003 713 1041 sed
731 1002 846 1040 etiam
859 1002 1035 1063 praefuit·
1057 1015 1182 1053 neque
1194 1003 1321 1041 ullum
1333 1004 1392 1042 of-

274 1057 406 1094 ficium
436 1070 524 1107 erga
549 1064 586 1095 te
607 1057 774 1095 hominis
799 1056 1064 1105 amantissimi,
1090 1056 1389 1107 prudentissimi,

275 1110 568 1161 diligentissimi,
594 1110 846 1162 praetermisit.
875 1109 941 1148 Ex
960 1109 1108 1157 eodem,
1128 1109 1175 1148 de
1192 1118 1272 1149 toto
1291 1119 1391 1151 statu

276 1177 405 1203 rerum
438 1165 718 1211 communium,
750 1176 976 1215 cognosces,
1015 1177 1103 1215 quae
1132 1165 1264 1215 quales
1301 1166 1391 1215 sint,

277 1231 355 1257 non
373 1218 482 1256 facile
500 1227 557 1257 aet
575 1219 746 1257 scribere.
783 1219 883 1257 Sunt
901 1216 1058 1269 quidem
1076 1225 1175 1257 certe
1192 1218 1233 1256 in
1252 1220 1395 1258 amico-

277 1285 367 1310 rum
384 1279 601 1311 nostrorum
619 1279 816 1324 potestate,
833 1279 948 1323 atque
957 1271 1024 1319 ita,
1040 1279 1085 1310 ut
1098 1272 1248 1310 nullam
1266 1282 1394 1313 muta-

277 1326 421 1364 tionem
443 1338 632 1377 unquam,
658 1327 730 1366 hac
753 1325 958 1364 hominum
983 1333 1106 1375 aetate,
1134 1325 1313 1366 habitura
1336 1341 1394 1367 res

278 1393 356 1418 esse
374 1379 558 1418 videatur.

333 1433 421 1485 Ego
439 1434 596 1485 quidem
616 1436 676 1477 (ut
695 1433 826 1483 debeo,
847 1441 884 1472 et
901 1440 946 1472 ut
959 1439 1041 1472 tute
1058 1433 1157 1471 mihi
1157 1435 1394 1497 praecepisti,

279 1494 318 1526 et
335 1495 380 1526 ut
397 1500 461 1526 me
478 1487 598 1539 pietas
616 1488 838 1540 utilitasque
857 1487 972 1539 cogit)
984 1500 1048 1526 me
1066 1487 1116 1526 ad
1134 1489 1215 1538 ejus
1232 1490 1397 1530 rationes

280 1542 465 1593 adjunge,
485 1555 603 1593 quem
621 1549 665 1580 tu
683 1542 724 1580 in
742 1542 838 1581 meis
855 1541 1064 1580 rationibus
1078 1541 1150 1580 tibi
1167 1555 1246 1581 esse
1259 1543 1399 1593 adjun-

280 1596 450 1647 gendum
464 1596 621 1647 putasti.
647 1596 723 1635 Sed
741 1605 778 1635 te
796 1609 874 1634 non
891 1595 1072 1647 praeterit,
1092 1609 1212 1647 quam
1234 1597 1283 1635 sit
1299 1598 1399 1637 diffi-

280 1650 366 1697 cile,
386 1662 540 1689 sensum
554 1651 595 1688 in
608 1663 649 1688 re
666 1649 834 1702 1111111103,
854 1649 1063 1702 praesertim
1080 1657 1228 1688 rectum
1247 1658 1285 1690 et
1309 1664 1398 1690 con-

281 1704 494 1752 firmatum,
507 1704 705 1755 deponere.
726 1705 1006 1743 Verumtamen
1023 1704 1104 1755 ipse
1121 1716 1185 1743 me
1202 1705 1399 1745 conformo

283 1758 333 1796 ad
359 1759 441 1807 ejus
473 1759 722 1804 voluntatem,
757 1772 780 1796 a
809 1772 886 1810 quo
915 1758 1070 1796 honeste
1099 1758 1296 1797 dissentire
1319 1771 1397 1798 non

282 1825 466 1864 possum:
497 1825 621 1864 neque
639 1812 679 1850 id
704 1812 800 1851 facio
826 1815 887 1856 (ut
910 1812 1066 1850 forsitan
1093 1812 1324 1864 quibusdam
1342 1814 1400 1852 vi-

283 1865 392 1913 deor)
412 1866 664 1905 simulatione.
695 1866 870 1904 Tantum
895 1866 996 1904 enim
1022 1866 1141 1904 animi
1159 1866 1342 1916 inductio,
1363 1875 1401 1906 et

285 1920 534 1967 (mehercule)
544 1933 651 1959 amor
665 1934 754 1971 erga
761 1920 1008 1972 Pompeium,
1021 1920 1125 1972 apud
1135 1933 1199 1959 me
1210 1921 1323 1969 valet,
1339 1929 1398 1971 ut,

285 1988 374 2026 quae
391 1973 449 2011 illi
467 1974 577 2012 utilia
596 1982 699 2023 sunt,
727 1982 764 2012 et
782 1988 869 2026 quae
886 1974 951 2012 ille
969 1975 1067 2023 vult,
1095 1988 1139 2013 ea
1155 1974 1253 2012 mihi
1271 1975 1401 2014 omnia

281 2030 365 2079 jam
385 2035 422 2066 et
439 2035 541 2067 recta
559 2036 596 2067 et
614 2041 702 2068 vera
718 2028 928 2067 videantur.
966 2028 1106 2091 Neque
1132 2031 1193 2072 (ut
1211 2041 1280 2080 ego
1299 2029 1400 2067 arbi-

284 2090 379 2130 tror)
393 2090 559 2121 errarent
577 2095 626 2121 ne
641 2083 844 2121 adversarii
851 2082 1009 2134 quidem
1021 2085 1116 2133 ejus,
1131 2083 1175 2133 si,
1189 2095 1279 2121 cum
1289 2095 1399 2134 paroe

283 2149 363 2175 esse
381 2148 459 2174 non
478 2144 643 2188 possent,
664 2150 835 2189 pugnare
852 2137 1084 2176 desisterent.

338 2189 411 2230 Me
429 2190 586 2243 quidem
605 2191 720 2231 etiam
739 2191 806 2231 illa
823 2205 882 2233 ταῦ
908 2192 1138 2242 consolatur,
1160 2191 1265 2245 quod
1283 2204 1352 2244 ego
1370 2191 1402 2231 is
