1481 2422
344 62 440 103 ἈΒ
468 60 772 102 DIVERSOS.
803 62 905 101 LIB·
934 62 989 101 X.
1020 64 1085 103 21.
1210 65 1295 104 305¹

159 173 268 214 Titio
280 172 383 212 misi.
413 171 507 224 Ipsa
520 170 774 224 chirographa
788 171 933 220 omnia,
955 180 992 211 et
1011 172 1153 225 quibus
1171 174 1292 213 credi-

158 229 214 275 di,
235 235 273 267 et
291 241 350 274 ea,
371 227 512 279 quibus
530 226 648 265 fidem
667 238 746 265 non
764 226 984 265 habendam
1001 228 1150 279 putavi,
1171 229 1292 267 Laevo

160 283 292 335 Cispio
324 282 424 321 dabo
460 280 700 334 perferenda,
728 281 797 333 qui
826 282 1007 321 omnibus
1031 281 1092 321 his
1116 283 1292 321 interfuit

157 339 284 377 rebus.

212 391 387 431 Accessit
401 403 459 440 eo,
479 398 524 429 ut
548 389 691 429 milites
716 391 814 440 ejus,
835 403 926 430 cum
945 391 1119 443 Lepidus
1139 391 1290 430 concio-

156 454 326 495 naretur,
350 445 536 500 (improbi
555 458 623 497 per
637 458 690 493 se,
712 445 882 498 corrupti
904 445 1020 484 etiam
1039 459 1108 497 per
1131 459 1194 485 eos
1220 446 1290 498 qui

154 508 340 554 praesunt,
376 499 573 547 Canidios,
605 500 893 552 Rufrenosque,
920 508 958 538 et
986 509 1153 549 caeteros,
1175 514 1286 552 quos,

155 569 247 595 cum
265 569 363 608 opus
375 556 459 604 erit,
481 552 622 604 scietis)
641 554 932 603 conclamarint,
946 555 1018 593 viri
1031 555 1136 604 boni,
1154 568 1290 606 pacem

110 647 112 649 .
155 624 197 650 se
222 611 334 658 velle,
362 622 488 662 neque
507 622 587 647 esse
607 622 696 647 cum
728 609 819 647 ullis
849 618 1104 661 pugnaturos,
1138 610 1291 649 duobus

149 667 235 717 jam
250 664 470 704 consulibus
492 662 794 716 [singularibus]
812 664 957 711 occisis,
977 672 1034 703 tot
1052 664 1198 703 civibus
1216 678 1288 716 pro

153 720 280 773 patria
305 719 467 765 amissis,
497 718 673 756 hostibus
696 717 863 770 denique
885 718 1066 757 onmibus
1088 718 1285 768 judicatis,

152 775 341 827 bonisque
359 772 577 826 publicatis.
605 772 748 824 Neque
766 772 839 812 hoc
851 781 919 811 aut
937 772 1148 811 vindicarat
1167 773 1286 826 Lepi-

151 830 240 878 dus,
259 835 328 868 aut
342 828 507 868 sanarat.

207 884 302 923 Huc
323 896 389 922 me
407 882 550 930 venire,
573 889 610 921 et
638 881 790 921 duobus
819 882 1048 922 exercitibus
1067 883 1282 933 conjunctis

149 939 314 989 objicere
350 937 561 977 exercitum
597 937 882 985 fidelissimum,
921 937 1067 976 auxilia
1095 938 1286 987 maxima,

149 993 341 1047 principes
361 992 515 1041 Galliae,
539 992 778 1044 provinciam
809 1000 1002 1039 cunctam,
1035 1005 1198 1031 summae
1218 992 1285 1031 de-

149 1048 307 1088 mentiae
334 1055 373 1086 et
390 1047 615 1086 temeritatis
638 1059 718 1086 esse
745 1045 849 1084 vidi:
880 1046 1070 1099 mihique,
1090 1047 1123 1085 si
1141 1047 1196 1084 ita
1214 1060 1285 1099 op-

149 1116 303 1157 pressus
335 1113 473 1151 essem,
493 1114 654 1154 remque
684 1101 881 1153 publicam
912 1114 1068 1140 mecum
1093 1101 1285 1153 prodidis-

150 1171 248 1206 sem,
268 1164 422 1196 mortuo
443 1169 521 1195 non
540 1156 657 1195 modo
675 1156 875 1205 honorem,
897 1156 963 1195 sed
980 1156 1284 1195 misericordiam

149 1225 306 1266 quoque
324 1211 560 1250 defuturam.
590 1211 730 1262 Itaque
748 1211 940 1249 rediturus
959 1223 1062 1258 sum,
1089 1223 1159 1249 nec
1178 1219 1287 1250 tanta

148 1280 314 1306 munera
326 1266 485 1318 perditis
503 1266 727 1304 hominibus
742 1265 824 1303 dari
842 1278 952 1317 posse
971 1265 1109 1303 sinam.
1140 1265 1197 1304 Ut
1217 1279 1285 1304 ex-

150 1322 313 1362 ercitum
331 1320 425 1359 locis
449 1320 615 1358 habeam
641 1320 882 1372 opportunis,
902 1320 1138 1371 provinciam
1159 1328 1283 1369 tuear,

149 1377 268 1417 etiam
286 1375 319 1415 si
331 1376 398 1414 ille
415 1375 603 1414 exercitus
622 1374 809 1423 descierit,
823 1375 1031 1427 omniaque
1042 1375 1191 1426 integra
1206 1388 1284 1414 ser-

148 1444 254 1479 vem,
267 1431 368 1469 dabo
386 1442 558 1482 operam,
580 1429 710 1482 quoad
729 1429 917 1468 exercitus
935 1429 1011 1468 huc
1031 1429 1282 1477 submittatis,

147 1486 310 1540 parique
336 1485 516 1524 felicitate
539 1484 821 1536 rempublicam
852 1484 917 1522 hic
942 1484 1153 1523 vindicetis.
1196 1485 1283 1523 Nec

148 1542 385 1594 depugnare,
402 1539 435 1578 si
449 1539 593 1578 occasio
613 1540 768 1584 tulerit3
799 1551 869 1578 nec
888 1539 1066 1586 obsideri,
1083 1539 1115 1576 si
1132 1551 1285 1578 necesse

148 1596 293 1641 fuerit;
322 1607 394 1634 nec
410 1594 524 1642 mori,
546 1594 578 1633 si
596 1607 704 1633 casus
722 1593 911 1642 inciderit,
937 1607 1008 1646 pro
1026 1593 1149 1644 vobis,
1169 1607 1282 1646 para-

148 1651 223 1691 tior
240 1650 318 1689 fuit
335 1649 555 1701 quisquam.

205 1706 339 1754 Quare
348 1704 480 1743 hortor
493 1711 545 1751 te,
555 1704 612 1742 mi
620 1702 767 1751 Cicero,
776 1703 987 1742 exercitum
1000 1702 1079 1741 huc
1092 1703 1284 1753 trajicien-

145 1761 246 1800 dum
265 1772 386 1812 quam
413 1758 587 1810 primum
613 1771 734 1807 cures,
754 1766 792 1797 et
810 1766 980 1797 matures
1009 1757 1130 1809 prius,
1160 1772 1282 1810 quam

147 1815 278 1854 hostes
296 1813 423 1865 magis
448 1814 753 1862 corroborentur,
784 1819 821 1851 et
847 1812 968 1852 nostri
994 1814 1281 1863 perturbentur.

149 1871 203 1910 In
216 1883 295 1923 quo
314 1869 345 1908 si
363 1868 534 1907 celeritas
553 1867 625 1906 erit
638 1867 824 1915 adhibita,
844 1867 1060 1920 respublica
1073 1867 1113 1905 in
1133 1881 1281 1919 posses-

149 1925 257 1965 sione
292 1922 474 1972 victoriae,
502 1922 636 1962 deletis
664 1922 866 1973 sceleratis,
899 1922 1153 1975 permanebit.
1200 1922 1282 1962 Fac

148 1980 289 2028 valeas,
308 1991 450 2030 meque
469 1977 618 2029 diligas.

202 2034 381 2074 Fratrem
395 2045 530 2071 meum
543 2032 630 2080 tibi,
645 2031 898 2071 fortissimum
918 2031 1055 2079 civem,
1077 2038 1115 2070 et
1128 2029 1179 2069 ad
1196 2044 1282 2070 om-

150 2087 216 2128 nia
233 2087 537 2141 paratissimum,
558 2099 741 2125 excusem
758 2087 877 2126 literis
892 2088 910 2126 ?
940 2085 1008 2138 qui
1023 2099 1071 2124 ex
1089 2086 1221 2125 labore
1239 2086 1280 2123 in

147 2142 377 2185 febriculam
390 2141 525 2182 incidit
536 2141 746 2193 assiduam,
768 2148 806 2181 et
824 2141 914 2182 satis
928 2140 1143 2181 molestam.
1174 2140 1279 2181 Cum

871 2198 897 2235 2
917 2205 949 2234 D
976 2195 1004 2234 3
