1481 2422
133 94 215 134 324
341 90 427 134 AD
455 87 756 130 DIVERSOS.
787 87 889 128 11113.
908 86 964 127 X.
992 87 1061 128 34.

130 201 315 243 hibeant!
347 213 436 240 vera
454 207 569 240 sunt:
599 211 678 239 non
691 197 932 237 mediocriter
949 196 1103 246 doleo)=
1132 195 1264 235 Anto-

131 258 243 297 nium
277 256 439 308 turpiter
468 254 638 294 Mutinae
669 253 925 293 obsessionem
956 251 1169 304 reliquisse,
1197 249 1264 290 sed

130 312 272 351 habere
299 310 475 362 equitum
507 308 524 359 [
556 309 579 330 ¹*
610 308 633 329 ⁸
664 309 687 329 ³*
719 310 737 361 ]
766 307 936 359 legiones
963 308 1036 345 sub
1061 305 1180 358 signis
1201 319 1263 344 ar-

128 375 254 405 matas
274 373 362 410 tres,
383 374 421 403 et
435 365 482 403 P.
503 363 697 415 Bagienni
714 374 850 409 unam,
870 361 1035 400 inermes
1048 361 1146 400 bene
1158 359 1265 398 mul-

129 428 212 459 tos:
244 419 474 459 Ventidium
507 430 662 470 quoque
695 429 749 463 se,
783 429 874 455 cum
902 415 1054 467 legione
1083 412 1260 467 septima,

128 473 274 523 octavii,
295 474 413 521 nona,
434 471 676 522 conjunxisse
692 486 702 509 ε
726 470 758 509 si
776 470 874 509 nihil
888 470 928 508 in
941 469 1092 522 Lepido
1103 469 1184 521 spei
1198 469 1262 517 sit,

129 529 403 568 descensurum
419 527 469 565 ad
487 535 679 565 extrema:
711 533 749 563 et
767 537 844 563 non
859 523 976 563 modo
990 524 1177 572 nationes,
1194 523 1261 563 sed

128 584 245 622 etiam
279 582 444 630 servitia,
485 580 794 619 concitaturum:
822 579 1009 618 Parmam
1041 578 1233 631 direptam
1246 592 1259 618 ι

128 638 178 676 L.
198 637 419 676 Antonium
439 635 564 686 Alpes
582 634 797 685 occupasse.

183 692 286 740 Quae
305 691 337 730 si
355 703 444 728 vera
463 696 566 736 sunt,
588 687 735 726 nemini
754 689 927 726 nostrum
947 687 1173 727 cessandum
1188 694 1262 737 est,

128 759 199 786 nec
217 744 535 798 exspectandum,
556 742 652 795 quid
671 743 848 781 decernat
862 751 1029 781 senatus.
1060 743 1141 782 Res
1155 743 1261 782 enim

127 802 229 853 cogit
246 800 337 839 huic
356 806 463 837 tanto
481 797 658 836 incendio
686 809 903 835 succurrere
927 809 1075 844 omnes,
1107 797 1176 850 qui
1193 805 1262 836 aut

125 856 349 907 imperium,
370 862 438 892 aut
457 865 598 890 nomen
626 851 806 904 denique,
835 851 972 904 populi
996 851 1168 891 Romani
1186 853 1262 891 sal-

125 923 221 948 vum
241 909 376 948 volunt
395 920 487 946 esse.
518 907 690 945 Brutum
722 906 826 944 enim
857 905 1028 945 cohortes
1051 906 1201 956 XVII,
1221 914 1261 946 et

126 964 223 1002 duas
256 976 334 1002 non
371 962 589 1014 frequentes
621 960 792 999 tironum
824 960 1007 1012 legiones,
1038 974 1136 1013 quas
1167 974 1259 1000 con-

126 1019 326 1070 scripserat
363 1016 577 1065 Antonius‚
609 1015 751 1054 habere
786 1014 913 1054 audio.
954 1015 1097 1068 Neque
1125 1023 1257 1056 tamen

125 1073 275 1121 dubito,
308 1071 403 1124 quin
435 1083 582 1117 omnes,
621 1070 689 1122 qui
726 1070 919 1122 supersint
953 1069 1000 1108 de
1038 1069 1162 1109 Hirtii
1189 1084 1260 1110 ex-

123 1128 257 1174 ercitu,
278 1126 473 1166 confluant
492 1124 541 1163 ad
560 1137 664 1163 eum.
693 1124 800 1163 Nam
825 1124 866 1162 in
886 1123 1035 1163 delectu
1054 1137 1132 1163 non
1150 1125 1257 1164 mul.

119 1190 206 1220 tum
227 1181 307 1234 spei
326 1189 421 1234 puto
440 1192 544 1218 esse:
575 1178 783 1231 praesertim
805 1191 895 1217 cum
919 1179 1018 1217 nihil
1036 1179 1087 1218 sit
1105 1180 1256 1231 pericu..

119 1237 252 1285 losius‚
273 1249 393 1287 quam
413 1233 583 1286 spatium
597 1233 850 1272 confirmandi
869 1246 949 1272 sese
963 1234 1139 1273 Antonio
1157 1234 1255 1275 dari.

119 1291 231 1330 Anni
261 1297 392 1328 autem
426 1297 579 1340 tempus
609 1289 823 1326 libertatem
848 1289 1036 1338 majorem
1054 1288 1152 1327 mihi
1171 1289 1254 1340 dat,

118 1352 318 1397 propterea
329 1344 422 1396 quia
436 1343 630 1382 frumenta
642 1350 710 1381 aut
723 1342 763 1380 in
782 1343 883 1394 agris
894 1351 963 1381 aut
979 1343 1020 1381 in
1033 1343 1133 1382 villis
1147 1352 1253 1383 sunt.

120 1401 261 1451 Itaque
275 1399 462 1450 proximis
480 1397 599 1435 literis
623 1396 825 1436 consilium
852 1409 986 1436 meum
1012 1398 1251 1449 expedietur.

117 1454 226 1492 Nam
246 1465 372 1505 neque
398 1452 526 1490 deesse
544 1463 669 1503 neque
695 1463 891 1502 superesse
910 1451 1130 1503 reipublicae
1148 1453 1250 1492 volo.

118 1507 298 1546 Maxime
318 1516 447 1545 tamen
467 1506 591 1552 doleo,
606 1505 700 1544 adeo
721 1515 755 1543 et
771 1505 886 1557 longo
905 1514 942 1544 et
961 1505 1100 1546 infesto
1114 1507 1250 1548 itinere

117 1562 166 1600 ad
184 1575 248 1600 me
267 1562 402 1610 veniri,
434 1568 478 1601 ut
508 1560 569 1598 die
602 1559 895 1612 quadragesimo
926 1568 1026 1612 post,
1057 1567 1126 1600 aut
1144 1563 1249 1603 ultra

115 1616 247 1664 etiam,
268 1629 388 1669 quam
407 1615 507 1654 sacta
526 1622 632 1664 sunt,
651 1615 783 1653 omnia
801 1614 1039 1654 nuntientur.
1070 1616 1183 1656 vale.

112 1778 230 1826 (34.)
278 1776 341 1816 M.
380 1776 646 1823 LEPIDUs‚
694 1776 817 1816 IMP.
861 1778 1017 1818 ITER.
1063 1777 1241 1820 PONT-

391 1831 541 1870 MAX.
571 1832 633 1870 M.
650 1831 700 1870 T.
715 1832 761 1872 C.
791 1833 831 1873 S.
846 1833 892 1872 P.
907 1833 961 1872 D.

171 1941 499 1992 (Argumentum.
517 1964 574 1974 -
593 1940 752 1988 Narrat,
790 1941 967 1981 Antonio
998 1941 1239 1991 adveniente,

107 1996 205 2050 quid
234 1996 377 2048 egerit;
409 2003 447 2034 et
472 1995 553 2046 agit
575 1995 718 2047 gratias
737 1995 927 2046 Ciceroni,
963 1996 1069 2050 quod
1094 1997 1242 2050 iniquis

105 2052 154 2090 de
172 2065 212 2091 se
230 2050 451 2090 rumoribus
469 2061 548 2088 non
567 2049 796 2098 crediderit.)

159 2160 201 2200 S.
214 2159 268 2199 V.
287 2159 337 2197 B.
359 2157 408 2197 E.
422 2157 473 2197 E.
488 2157 541 2196 V.
570 2158 674 2197 Cum
686 2158 897 2206 audissem,
910 2160 1132 2200 Antonium
1143 2171 1235 2200 cum

103 2215 183 2253 suis
208 2213 339 2266 copiis,
372 2213 568 2265 praemisso
589 2213 638 2251 L.
658 2214 833 2252 Antonio
853 2228 941 2253 cum
963 2223 1071 2268 parte
1089 2215 1240 2267 equita-
