1501 2407
148 162 154 170 ,
219 133 272 172 36
420 133 505 172 AD
532 132 827 172 DIVERSOS.
859 133 957 171 11113.
989 133 1047 172 ΙΙ.
1077 134 1114 172 6.

216 240 302 289 sibi,
332 254 450 292 quam
476 241 590 280 etiam
620 241 855 287 Ciceronem,
881 242 990 291 cujus
1014 241 1194 280 intererat
1209 241 1333 281 Milo·

216 306 305 333 nem
324 296 463 345 ornari,
482 295 605 346 magis
623 295 822 346 magisque
841 295 913 333 sibi
930 294 1171 334 devinctums
1190 296 1268 346 sit.)

269 402 455 441 Nondum
478 408 556 441 erat
582 401 771 448 auditum,
796 410 833 440 te
861 402 910 440 ad
936 402 1091 440 Italiam
1109 402 1326 451 adventare,

215 468 303 494 cum
325 457 485 495 Sextum
505 455 685 502 Villium,
707 455 868 494 Milonis
880 456 955 493 mei
974 456 1216 504 familiarem,
1236 470 1326 495 cum

212 509 272 547 his
287 510 334 547 ad
354 518 390 548 te
402 510 519 548 literis
538 509 636 546 misi.
668 510 738 547 Sed
758 518 899 557 tamen,
914 523 1001 547 cum
1021 511 1328 562 appropinquare

212 570 303 601 tuus
322 564 507 601 adventus
524 571 734 614 putaretur,
758 571 793 600 et
815 571 851 601 te
871 565 953 612 jam
973 576 1020 600 ex
1041 563 1140 602 Asia
1159 564 1326 602 Romam

211 629 342 655 versus
360 617 573 668 profectum
592 629 671 654 esse
686 624 885 664 constaret,
908 617 1133 667 magnitudo
1152 617 1205 655 rei
1224 618 1326 666 fecit,

210 677 255 707 ut
284 683 360 708 non
391 683 619 717 vereremur,
651 682 699 708 ne
722 670 836 708 nimis
859 671 932 708 cito
961 670 1211 719 mitteremus,
1236 684 1325 710 cum

209 723 277 762 has
297 737 414 775 quam
434 725 604 775 primum
630 724 678 761 ad
705 731 742 762 te
770 724 927 775 perferri
952 724 1078 762 literas
1096 737 1326 777 magnopere

209 778 404 816 vellemus,
435 778 536 828 Ego,
569 778 600 815 si
630 790 717 815 mea
744 777 784 814 in
815 785 852 815 te
881 785 1004 815 essent
1036 777 1158 815 officia
1183 779 1323 827 solum,

207 830 340 879 Curio,
361 840 480 878 tanta,
498 838 641 882 quanta
660 831 782 881 magis
798 844 821 868 a
839 837 876 868 te
895 831 977 882 ipso
995 831 1190 882 praedicari
1205 846 1324 884 quam

207 897 231 922 a
262 897 326 923 me
357 885 558 936 ponderari
588 885 733 929 solent3
765 884 1011 922 verecundius
1044 897 1067 922 a
1096 892 1147 933 te,
1182 885 1213 923 si
1245 899 1324 937 qua

206 951 347 999 magna
365 952 423 977 res
441 938 538 975 mihi
565 938 729 989 petenda
754 945 861 985 esset,
885 937 1162 976 contenderem.
1194 939 1321 979 Grave

205 1000 260 1029 est
275 992 378 1030 enim
397 992 545 1029 homini
563 991 736 1042 pudenti,
757 999 882 1042 petere
901 991 1046 1043 aliquid
1064 1004 1250 1043 magnum
1270 996 1319 1033 ab

205 1058 263 1093 eo,
284 1045 331 1083 de
351 1059 427 1107 quo
447 1059 484 1083 se
502 1047 599 1083 bene
618 1045 798 1083 meritum
817 1052 952 1096 putet3
981 1058 1030 1083 ne
1047 1045 1100 1094 id,
1131 1047 1234 1097 quod
1251 1061 1320 1099 pe-

201 1105 274 1147 tat,
306 1100 455 1151 exigere
489 1099 627 1150 magis,
667 1112 785 1150 quam
821 1111 966 1150 rogare,
997 1106 1034 1137 et
1065 1099 1106 1137 in
1134 1101 1318 1140 mercedis

201 1153 329 1204 potius
348 1166 466 1205 quam
485 1152 658 1191 beneficii
676 1153 758 1191 loco
777 1165 990 1200 numerare,
1010 1152 1193 1192 videatur.
1223 1155 1317 1204 Sed,

201 1207 293 1257 quia
310 1215 379 1245 tua
396 1207 437 1244 in
455 1220 531 1254 me,
553 1207 612 1244 vel
631 1213 722 1243 nota
746 1206 938 1253 omnibus,
958 1206 1019 1244 vel
1046 1206 1132 1258 ipsa
1149 1208 1316 1248 novitate

197 1272 373 1298 meorum
397 1268 615 1311 temporum
635 1259 842 1297 clarissima
860 1267 897 1297 et
914 1259 1100 1320 maxima,
1130 1262 1313 1301 beneficia

198 1314 452 1359 exstiterunt,
442 1328 455 1337 ·
483 1320 614 1364 estque
644 1312 764 1350 animi
782 1313 952 1364 ingenui,
973 1313 1035 1351 cui
1060 1314 1227 1352 multum
1248 1315 1316 1354 de-

197 1368 302 1415 beas,
333 1368 456 1406 eidem
484 1367 698 1418 plurimum
721 1366 818 1404 velle
840 1366 1003 1411 debere3
1034 1379 1111 1405 non
1140 1368 1313 1408 dubitavi

196 1420 237 1458 id
262 1434 285 1458 a
303 1427 340 1459 te
369 1434 437 1472 per
460 1420 588 1458 literas
611 1427 752 1471 petere,
780 1420 883 1471 quod
904 1419 1002 1457 1111111
1023 1421 1198 1460 omnium
1217 1430 1313 1462 esset

196 1474 428 1522 maximum,
466 1473 712 1534 maximeque
743 1473 1006 1511 necessarium.
1038 1475 1177 1526 Neque
1206 1477 1309 1515 enim

194 1541 282 1566 sum
301 1528 455 1575 veritus,
476 1540 526 1566 ne
554 1528 736 1565 sustinere
764 1534 833 1565 tua
859 1527 900 1564 in
921 1539 986 1565 me
1005 1529 1064 1566 vel
1089 1528 1310 1569 innumera-

192 1581 285 1621 bilia
309 1594 386 1620 non
416 1594 593 1634 possem;
623 1594 710 1619 cum
730 1581 940 1632 praesertim
958 1581 1200 1630 confiderem,
1221 1585 1310 1622 nul-

190 1636 271 1675 lam
291 1648 369 1674 esse
385 1635 562 1686 gratiam,
577 1647 694 1686 quam
709 1646 786 1672 non
805 1635 865 1672 vel
880 1647 1011 1685 capere
1029 1635 1182 1674 animus
1197 1649 1308 1676 meus

190 1691 232 1728 in
264 1689 493 1740 accipiendo,
528 1689 588 1726 vel
619 1689 660 1727 in
691 1688 968 1727 remunerando
996 1690 1306 1743 cumulandoque

191 1744 393 1790 illustrare,
414 1749 550 1793 posset.

243 1797 331 1848 Ego
349 1796 478 1834 omnia
496 1808 582 1834 mea
607 1795 746 1844 studia,
777 1808 932 1834 omnem
959 1808 1128 1847 operam,
1156 1809 1302 1847 curam,

189 1850 431 1897 industriam,
455 1849 734 1900 cogitationem,
765 1858 934 1888 mentem
956 1849 1121 1901 denique
1149 1863 1303 1890 omnem

187 1905 230 1944 in
256 1904 418 1942 Milonis
437 1903 634 1941 consulatu
654 1903 722 1941 fixi
741 1910 778 1941 et
795 1903 942 1950 locavi;
973 1904 1178 1955 statuique,
1198 1904 1239 1942 in
1258 1918 1303 1944 eo

186 1971 252 1997 me
269 1969 345 1996 non
365 1956 478 1995 officii
495 1956 621 1995 solum
639 1956 823 2005 fructum,
837 1957 902 1995 sed
920 1956 1032 1995 etiam
1052 1957 1203 2008 pietatis
1216 1958 1301 1996 lau-

186 2012 290 2060 dem,
310 2011 446 2050 debere
463 2023 642 2062 quaerere.
672 2010 813 2062 Neque
832 2023 919 2048 vero
938 2010 1119 2062 cuiquam
1138 2011 1300 2050 salutem

185 2080 230 2106 ac
260 2066 432 2104 fortunas
457 2076 543 2102 suas
571 2070 685 2101 tantae
713 2077 813 2102 curae
841 2064 959 2102 fuisse
987 2076 1161 2115 unquam
1189 2073 1300 2116 puto,

185 2126 340 2172 quantae
357 2117 454 2156 mihi
473 2118 521 2156 sit
536 2117 656 2155 honos
670 2119 766 2166 ejus,
785 2117 826 2155 in
845 2129 922 2169 quo
935 2117 1064 2156 omnia
1075 2130 1161 2156 mea
1177 2118 1301 2169 posita

183 2186 262 2213 esse
283 2171 442 2211 decrevi.
472 2170 578 2209 Huic
608 2178 644 2208 te
669 2183 793 2209 unum
823 2177 931 2209 tanto
955 2171 1178 2220 adjumento
1201 2184 1295 2219 esse,

180 2230 210 2268 si
230 2225 405 2278 volueris,
424 2237 533 2278 posse
547 2224 732 2276 intelligo,
746 2230 790 2264 ut
804 2223 901 2264 nihil
919 2224 967 2265 sit
985 2231 1166 2277 praeterea
1183 2225 1303 2266 nobis
