1501 2407
249 116 302 156 96
455 114 539 154 AD
567 111 992 153 DIVERSOS.L11;.
1021 111 1097 152 IV.
1126 112 1164 150 6.

248 237 324 276 que
342 237 390 263 ex
409 223 455 262 ea
467 237 508 262 re
530 230 569 262 te
587 222 744 261 laudem
772 221 917 274 apisci.
947 219 1007 259 fac
1028 218 1236 272 aliquando
1252 219 1366 260 invd-

247 279 428 330 ligamus,
449 278 646 316 adversam
665 289 819 329 quoque
837 283 875 314 te
900 287 1009 326 aeque
1021 274 1119 313 ferre
1136 286 1270 326 pooee3
1297 286 1366 314 ne-

249 346 327 385 que
344 333 386 371 id
402 334 544 382 majus,
564 343 682 383 quam
701 330 851 377 debeat,
871 329 943 368 tibi
960 341 1057 367 onus
1070 327 1215 374 videri3
1243 341 1293 368 ne
1316 341 1367 368 ex

249 387 430 426 omnibus
462 386 667 424 virtutibus
699 385 781 422 haec
810 397 889 422 una
920 382 992 421 tibi
1023 382 1197 420 videatur
1226 382 1367 422 deoese.

250 440 370 489 Quod
393 441 443 480 ad
472 453 536 479 me
558 440 707 485 attinet,
735 451 823 476 cum
847 446 885 476 te
905 436 1212 488 tranquilliorem
1239 437 1370 476 animo

249 508 330 534 oese
348 498 527 547 cognoro,
547 494 594 532 de
622 493 669 531 iis
687 494 800 530 rebus
819 506 906 543 quae
930 491 996 529 hic
1013 497 1227 542 geruntur,
1233 504 1371 542 ςιιειηο,

250 549 540 602 admodumque
558 561 598 588 se
616 546 810 600 provincia
827 547 980 595 habeat,
1000 544 1197 583 certiorem
1218 544 1370 584 fadam.

218 659 222 661 4
249 602 362 643 Vale.

340 760 425 814 (6.)
467 761 529 800 M.
550 761 601 800 T.
623 761 669 801 C.
699 762 739 801 S.
759 761 813 800 D.
843 759 962 799 SER.
993 757 1277 799 SULPICIO.

306 870 631 920 (Argumentum.
644 896 699 903 —-
713 869 936 922 Respondet
954 868 1163 909 consolanti
1183 867 1368 920 Sulpicio,

250 932 403 974 gratum
430 925 502 963 sibi
528 926 610 973 ejus
635 924 803 963 officium
829 923 959 971 fuisse,
985 936 1055 962 nec
1078 923 1121 961 id
1144 923 1285 974 exiguo
1302 922 1371 960 do-

251 978 341 1016 loris
365 978 605 1016 levamento:
637 978 782 1016 nemini
807 991 910 1024 vero,
937 990 1057 1030 quam
1085 977 1172 1023 sibi,
1196 977 1374 1026 justiores

252 1032 406 1070 dolendi
425 1045 556 1071 causas
573 1032 714 1071 fuisse:
744 1032 958 1070 maximam
977 1041 1107 1070 tamen
1126 1031 1198 1070 sibi
1215 1030 1374 1070 levatio·

251 1098 341 1125 nem
360 1100 407 1125 ex
426 1087 551 1125 reditu
570 1094 607 1126 et
625 1086 898 1126 consuetudine
916 1085 1078 1139 Sulpicii
1095 1083 1208 1135 fore.)

303 1195 392 1247 Ego
411 1208 512 1241 vern,
530 1195 651 1243 Servi,
671 1196 824 1241 vellem,
840 1203 885 1234 ut
898 1195 1043 1241 scribis,
1062 1194 1104 1233 in
1122 1206 1210 1233 meo
1227 1194 1372 1246 gravis-

249 1249 349 1288 simo
368 1263 456 1288 casu
476 1249 660 1288 affuissae.
691 1250 895 1298 Quantum
921 1250 1025 1288 enim
1043 1261 1207 1300 praesens
1224 1261 1289 1287 me
1306 1249 1375 1287 ad-

247 1304 382 1353 juvare
395 1304 564 1355 potueris
577 1312 614 1342 et
629 1303 872 1348 consolando,
886 1310 923 1341 et
936 1315 1056 1355 prope
1069 1316 1179 1354 aeque
1192 1302 1373 1351 dolendo,

248 1357 360 1396 facile
379 1371 427 1396 ex
439 1371 482 1396 eo
500 1358 686 1409 intenjgo,
703 1357 821 1409 quod,
840 1357 959 1395 literis
973 1357 1049 1395 tuis
1061 1356 1182 1403 lectis,
1198 1357 1375 1408 aliquan-

249 1420 336 1450 tum
349 1411 531 1463 acquievi.
557 1413 664 1450 Nam
676 1420 713 1450 et
724 1425 767 1450 ea
779 1411 975 1462 scripsisti,
989 1424 1077 1463 quae
1087 1411 1212 1449 levare
1222 1411 1373 1451 luctum

249 1473 430 1518 possent;
460 1474 510 1513 et,
531 1467 571 1503 in
590 1479 654 1504 me
679 1465 921 1512 consolando,
942 1478 1021 1504 non
1038 1465 1268 1504 mediocrem
1291 1465 1374 1517 ipse

250 1520 372 1557 animi
397 1520 565 1558 dolorem
589 1520 810 1558 adhibuisti.
840 1519 994 1558 Servius
1013 1528 1143 1558 tamen
1162 1526 1267 1565 tuus,
1289 1532 1375 1558 om-

250 1574 365 1612 nibus
384 1574 515 1613 officiis
542 1588 629 1626 quae
657 1575 715 1612 illi
740 1574 904 1625 tempori
922 1574 1041 1612 tribui
1064 1580 1286 1625 potuerunt,
1306 1573 1374 1613 de·

250 1628 421 1675 claravit,
455 1637 494 1667 et
522 1629 659 1680 quanti
680 1629 762 1680 ipse
784 1641 847 1666 me
872 1627 1025 1675 faceret,
1049 1635 1087 1666 et
1111 1639 1231 1679 quam
1256 1641 1373 1668 suum

250 1682 367 1720 talem
401 1695 491 1733 erga
511 1695 575 1720 me
600 1683 776 1721 animum
807 1682 879 1721 tibi
906 1690 1061 1733 gratum
1083 1690 1236 1733 putaret
1262 1681 1368 1721 fore.

248 1737 360 1786 cujus
378 1737 501 1775 officia
516 1737 745 1786 jucundiora
759 1735 944 1786 [scilicet
933 1749 1032 1789 saepe
1049 1735 1147 1774 mihi
1161 1734 1319 1812 fuerunt
1332 1737 1369 1790 ς]

247 1800 451 1841 nunquam
469 1800 598 1829 tamen
617 1791 794 1842 gratiora.

301 1844 375 1882 Me
392 1853 521 1883 autem
540 1857 618 1883 non
637 1845 757 1883 oratio
774 1853 843 1884 tua
864 1845 1004 1906 solum,
1031 1852 1069 1883 et
1087 1844 1244 1883 societas
1260 1856 1371 1896 paene

247 1898 497 1949 aegritudinis,
518 1898 584 1936 sed
606 1899 722 1937 etiam
741 1899 955 1946 auctoritas,
982 1899 1209 1937 consolatur.
1236 1898 1372 1951 Turpe

246 1952 352 1990 enim
371 1965 450 1991 esse
469 1953 660 2000 existimo,
683 1966 747 1990 me
774 1965 851 1990 non
869 1952 924 1991 ita
947 1953 1045 1991 ferre
1067 1965 1199 1991 casum
1220 1964 1368 2000 meum,

246 2013 291 2044 ut
309 2014 367 2053 tu,
388 2007 457 2045 tali
479 2007 667 2058 sapientia
693 2006 889 2058 praeditus,
917 2007 1118 2045 ferendum
1139 2014 1264 2058 putas.
1293 2006 1373 2046 Sed

246 2061 442 2111 opprimor
471 2061 693 2106 interdum3
725 2068 761 2099 et
786 2061 852 2099 vix
881 2061 1012 2100 resisto
1037 2060 1173 2107 dolori,
1196 2061 1303 2112 quod
1326 2073 1373 2099 ea

244 2126 309 2152 me
327 2115 461 2153 solatia
489 2114 685 2163 deficiunt,
709 2129 798 2166 quae
816 2116 974 2161 caeteris,
1001 2127 1169 2166 quorum
1187 2114 1286 2152 mihi
1303 2127 1372 2154 ex-

242 2168 372 2220 empla
408 2182 597 2222 propono,
629 2169 748 2208 simili
777 2169 818 2207 in
849 2169 1005 2208 fortuna
1042 2181 1120 2207 non
1152 2168 1370 2208 defuerunt.

242 2221 350 2260 Nam
362 2230 399 2272 et
417 2223 471 2272 Q.
493 2223 712 2272 Maximus,
728 2223 796 2275 qui
811 2223 937 2263 filium
952 2223 1206 2271 consularem,
1219 2223 1368 2263 clarum
