<?xml version="1.0" encoding="UTF-8"?>
<!DOCTYPE html PUBLIC "-//W3C//DTD XHTML 1.0 Transitional//EN"
    "http://www.w3.org/TR/xhtml1/DTD/xhtml1-transitional.dtd">
<html xmlns="http://www.w3.org/1999/xhtml" xml:lang="en" lang="en">
 <head>
  <title>
</title>
<meta http-equiv="Content-Type" content="text/html;charset=utf-8" />
  <meta name='ocr-system' content='tesseract 3.04.00' />
  <meta name='ocr-capabilities' content='ocr_page ocr_carea ocr_par ocr_line ocrx_word'/>
</head>
<body>
  <div class='ocr_page' id='page_1' title='image "./operaern09ciceuoft_0080.png"; bbox 0 0 1501 2407; ppageno 0'>
   <div class='ocr_carea' id='block_1_1' title="bbox 241 70 1170 118">
    <p class='ocr_par' dir='ltr' id='par_1_1' title="bbox 241 70 1170 118">
     <span class='ocr_line' id='line_1_1' title="bbox 241 70 1170 118; baseline -0.001 -7"><span class='ocrx_word' id='word_1_1' title='bbox 241 74 294 111; x_wconf 77' lang='lat'><strong>66</strong></span> <span class='ocrx_word' id='word_1_2' title='bbox 440 70 525 110; x_wconf 85' lang='lat' dir='ltr'><strong>AD</strong></span> <span class='ocrx_word' id='word_1_3' title='bbox 555 71 855 112; x_wconf 84' lang='lat' dir='ltr'><strong>DIVERSOS.</strong></span> <span class='ocrx_word' id='word_1_4' title='bbox 885 72 988 111; x_wconf 80' lang='lat' dir='ltr'><strong>L113.</strong></span> <span class='ocrx_word' id='word_1_5' title='bbox 1017 72 1102 112; x_wconf 92' lang='lat' dir='ltr'>III.</span> <span class='ocrx_word' id='word_1_6' title='bbox 1131 73 1170 118; x_wconf 91' lang='lat'><strong>7.</strong></span> 
     </span>
    </p>
   </div>
   <div class='ocr_carea' id='block_1_2' title="bbox 190 180 1366 2241">
    <p class='ocr_par' dir='ltr' id='par_1_2' title="bbox 233 180 1366 666">
     <span class='ocr_line' id='line_1_2' title="bbox 233 180 1366 233; baseline 0.002 -15"><span class='ocrx_word' id='word_1_7' title='bbox 233 181 374 233; x_wconf 79' lang='lat' dir='ltr'>inquis.</span> <span class='ocrx_word' id='word_1_8' title='bbox 416 180 559 228; x_wconf 80' lang='lat' dir='ltr'><strong>Quid?</strong></span> <span class='ocrx_word' id='word_1_9' title='bbox 589 194 679 220; x_wconf 92' lang='lat' dir='ltr'><strong>cum</strong></span> <span class='ocrx_word' id='word_1_10' title='bbox 697 180 845 219; x_wconf 70' lang='lat' dir='ltr'><strong>dabas*</strong></span> <span class='ocrx_word' id='word_1_11' title='bbox 833 181 881 220; x_wconf 90' lang='lat' dir='ltr'><strong>1is</strong></span> <span class='ocrx_word' id='word_1_12' title='bbox 901 180 1044 232; x_wconf 84' lang='lat' dir='ltr'>literas,</span> <span class='ocrx_word' id='word_1_13' title='bbox 1072 193 1142 233; x_wconf 91' lang='lat' dir='ltr'><strong>per</strong></span> <span class='ocrx_word' id='word_1_14' title='bbox 1168 194 1265 233; x_wconf 91' lang='lat' dir='ltr'><strong>quas</strong></span> <span class='ocrx_word' id='word_1_15' title='bbox 1282 193 1366 220; x_wconf 90' lang='lat' dir='ltr'><strong>me-</strong></span> 
     </span>
     <span class='ocr_line' id='line_1_3' title="bbox 233 235 1365 288; baseline 0.002 -16"><span class='ocrx_word' id='word_1_16' title='bbox 233 249 324 273; x_wconf 85' lang='lat' dir='ltr'><strong>cum</strong></span> <span class='ocrx_word' id='word_1_17' title='bbox 343 237 496 286; x_wconf 84' lang='lat' dir='ltr'>agebas,</span> <span class='ocrx_word' id='word_1_18' title='bbox 517 247 566 273; x_wconf 90' lang='lat' dir='ltr'><strong>ne</strong></span> <span class='ocrx_word' id='word_1_19' title='bbox 585 249 648 274; x_wconf 89' lang='lat' dir='ltr'><strong>eos</strong></span> <span class='ocrx_word' id='word_1_20' title='bbox 676 235 919 287; x_wconf 85' lang='lat' dir='ltr'><strong>impedirem,</strong></span> <span class='ocrx_word' id='word_1_21' title='bbox 939 235 1148 288; x_wconf 88' lang='lat' dir='ltr'><strong>quominus</strong></span> <span class='ocrx_word' id='word_1_22' title='bbox 1166 242 1256 274; x_wconf 88' lang='lat' dir='ltr'><strong>ante</strong></span> <span class='ocrx_word' id='word_1_23' title='bbox 1282 235 1365 274; x_wconf 84' lang='lat' dir='ltr'><strong>hie-</strong></span> 
     </span>
     <span class='ocr_line' id='line_1_4' title="bbox 233 289 1361 338; baseline 0.002 -12"><span class='ocrx_word' id='word_1_24' title='bbox 233 302 339 327; x_wconf 86' lang='lat' dir='ltr'><strong>mem</strong></span> <span class='ocrx_word' id='word_1_25' title='bbox 351 289 594 338; x_wconf 83' lang='lat' dir='ltr'><strong>aedificarent,</strong></span> <span class='ocrx_word' id='word_1_26' title='bbox 607 301 684 328; x_wconf 86' lang='lat' dir='ltr'><strong>non</strong></span> <span class='ocrx_word' id='word_1_27' title='bbox 697 303 760 328; x_wconf 89' lang='lat' dir='ltr'><strong>eos</strong></span> <span class='ocrx_word' id='word_1_28' title='bbox 775 290 824 327; x_wconf 89' lang='lat' dir='ltr'><strong>ad</strong></span> <span class='ocrx_word' id='word_1_29' title='bbox 835 302 899 328; x_wconf 90' lang='lat' dir='ltr'><strong>me</strong></span> <span class='ocrx_word' id='word_1_30' title='bbox 909 297 1090 329; x_wconf 88' lang='lat' dir='ltr'><strong>venturos</strong></span> <span class='ocrx_word' id='word_1_31' title='bbox 1101 289 1361 330; x_wconf 84' lang='lat' dir='ltr'><strong>arbitrabare?</strong></span> 
     </span>
     <span class='ocr_line' id='line_1_5' title="bbox 235 343 1362 395; baseline 0.001 -14.006"><span class='ocrx_word' id='word_1_32' title='bbox 235 343 410 382; x_wconf 79' lang='lat' dir='ltr'><strong>Fametsi</strong></span> <span class='ocrx_word' id='word_1_33' title='bbox 427 344 469 381; x_wconf 90' lang='lat' dir='ltr'><strong>id</strong></span> <span class='ocrx_word' id='word_1_34' title='bbox 488 343 646 395; x_wconf 85' lang='lat' dir='ltr'><strong>quidem</strong></span> <span class='ocrx_word' id='word_1_35' title='bbox 664 344 836 382; x_wconf 87' lang='lat' dir='ltr'><strong>fecerunt</strong></span> <span class='ocrx_word' id='word_1_36' title='bbox 853 343 1025 382; x_wconf 86' lang='lat' dir='ltr'><strong>ridicule.</strong></span> <span class='ocrx_word' id='word_1_37' title='bbox 1062 344 1173 393; x_wconf 87' lang='lat' dir='ltr'><strong>Quas</strong></span> <span class='ocrx_word' id='word_1_38' title='bbox 1191 343 1295 382; x_wconf 91' lang='lat' dir='ltr'><strong>enim</strong></span> <span class='ocrx_word' id='word_1_39' title='bbox 1313 343 1362 381; x_wconf 88' lang='lat' dir='ltr'><strong>li-</strong></span> 
     </span>
     <span class='ocr_line' id='line_1_6' title="bbox 234 397 1362 449; baseline 0 -14"><span class='ocrx_word' id='word_1_40' title='bbox 234 404 333 436; x_wconf 83' lang='lat' dir='ltr'><strong>teras</strong></span> <span class='ocrx_word' id='word_1_41' title='bbox 360 398 581 447; x_wconf 84' lang='lat' dir='ltr'><strong>afferebant,</strong></span> <span class='ocrx_word' id='word_1_42' title='bbox 608 406 654 436; x_wconf 92' lang='lat' dir='ltr'><strong>ut</strong></span> <span class='ocrx_word' id='word_1_43' title='bbox 682 411 778 449; x_wconf 88' lang='lat' dir='ltr'><strong>opus</strong></span> <span class='ocrx_word' id='word_1_44' title='bbox 806 406 935 437; x_wconf 63' lang='lat' dir='ltr'><strong>aestate</strong></span> <span class='ocrx_word' id='word_1_45' title='bbox 956 397 1080 437; x_wconf 85' lang='lat' dir='ltr'><strong>facere</strong></span> <span class='ocrx_word' id='word_1_46' title='bbox 1102 405 1362 449; x_wconf 70' lang='lat' dir='ltr'><strong>possent,aes</strong></span> 
     </span>
     <span class='ocr_line' id='line_1_7' title="bbox 235 451 1363 504; baseline 0.001 -15"><span class='ocrx_word' id='word_1_47' title='bbox 235 452 332 490; x_wconf 87' lang='lat' dir='ltr'><strong>mihi</strong></span> <span class='ocrx_word' id='word_1_48' title='bbox 350 460 441 504; x_wconf 88' lang='lat' dir='ltr'><strong>post</strong></span> <span class='ocrx_word' id='word_1_49' title='bbox 454 454 634 490; x_wconf 86' lang='lat' dir='ltr'><strong>brumam</strong></span> <span class='ocrx_word' id='word_1_50' title='bbox 653 452 912 490; x_wconf 84' lang='lat' dir='ltr'><strong>reddiderunt.</strong></span> <span class='ocrx_word' id='word_1_51' title='bbox 953 452 1031 492; x_wconf 87' lang='lat' dir='ltr'><strong>Sed</strong></span> <span class='ocrx_word' id='word_1_52' title='bbox 1049 451 1155 501; x_wconf 79' lang='lat' dir='ltr'><strong>scito,</strong></span> <span class='ocrx_word' id='word_1_53' title='bbox 1181 459 1220 490; x_wconf 91' lang='lat' dir='ltr'><strong>et</strong></span> <span class='ocrx_word' id='word_1_54' title='bbox 1236 452 1363 498; x_wconf 83' lang='lat' dir='ltr'><strong>multo</strong></span> 
     </span>
     <span class='ocr_line' id='line_1_8' title="bbox 235 505 1362 568; baseline 0.001 -25"><span class='ocrx_word' id='word_1_55' title='bbox 235 506 364 557; x_wconf 86' lang='lat' dir='ltr'><strong>plures</strong></span> <span class='ocrx_word' id='word_1_56' title='bbox 383 520 477 554; x_wconf 90' lang='lat' dir='ltr'><strong>esse,</strong></span> <span class='ocrx_word' id='word_1_57' title='bbox 498 506 566 558; x_wconf 89' lang='lat' dir='ltr'><strong>qui</strong></span> <span class='ocrx_word' id='word_1_58' title='bbox 584 506 631 544; x_wconf 89' lang='lat' dir='ltr'><strong>de</strong></span> <span class='ocrx_word' id='word_1_59' title='bbox 650 507 802 545; x_wconf 87' lang='lat' dir='ltr'><strong>tributis</strong></span> <span class='ocrx_word' id='word_1_60' title='bbox 820 514 1009 555; x_wconf 86' lang='lat' dir='ltr'><strong>recusent,</strong></span> <span class='ocrx_word' id='word_1_61' title='bbox 1031 519 1153 568; x_wconf 86' lang='lat' dir='ltr'><strong>quam</strong></span> <span class='ocrx_word' id='word_1_62' title='bbox 1171 505 1241 558; x_wconf 90' lang='lat' dir='ltr'><strong>qui</strong></span> <span class='ocrx_word' id='word_1_63' title='bbox 1258 505 1362 558; x_wconf 79' lang='lat' dir='ltr'><strong>exigi</strong></span> 
     </span>
     <span class='ocr_line' id='line_1_9' title="bbox 235 560 1363 612; baseline 0.003 -15"><span class='ocrx_word' id='word_1_64' title='bbox 235 560 378 606; x_wconf 80' lang='lat' dir='ltr'><strong>velint3</strong></span> <span class='ocrx_word' id='word_1_65' title='bbox 409 568 446 598; x_wconf 92' lang='lat' dir='ltr'><strong>et</strong></span> <span class='ocrx_word' id='word_1_66' title='bbox 465 574 529 598; x_wconf 91' lang='lat' dir='ltr'><strong>me</strong></span> <span class='ocrx_word' id='word_1_67' title='bbox 547 568 691 608; x_wconf 82' lang='lat' dir='ltr'><strong>tamen,</strong></span> <span class='ocrx_word' id='word_1_68' title='bbox 712 560 817 612; x_wconf 91' lang='lat' dir='ltr'><strong>quod</strong></span> <span class='ocrx_word' id='word_1_69' title='bbox 834 568 872 599; x_wconf 90' lang='lat' dir='ltr'><strong>te</strong></span> <span class='ocrx_word' id='word_1_70' title='bbox 891 561 988 599; x_wconf 89' lang='lat' dir='ltr'><strong>velle</strong></span> <span class='ocrx_word' id='word_1_71' title='bbox 1020 560 1252 609; x_wconf 77' lang='lat' dir='ltr'><strong>existimem,</strong></span> <span class='ocrx_word' id='word_1_72' title='bbox 1283 574 1363 600; x_wconf 82' lang='lat' dir='ltr'><strong>esse</strong></span> 
     </span>
     <span class='ocr_line' id='line_1_10' title="bbox 233 614 951 666; baseline 0.001 -14"><span class='ocrx_word' id='word_1_73' title='bbox 233 614 438 653; x_wconf 84' lang='lat' dir='ltr'><strong>facturum.</strong></span> <span class='ocrx_word' id='word_1_74' title='bbox 468 615 532 652; x_wconf 92' lang='lat' dir='ltr'><strong>De</strong></span> <span class='ocrx_word' id='word_1_75' title='bbox 546 615 741 666; x_wconf 86' lang='lat' dir='ltr'><strong>Appianis</strong></span> <span class='ocrx_word' id='word_1_76' title='bbox 755 615 951 653; x_wconf 76' lang='lat' dir='ltr'><strong>hactenus.</strong></span> 
     </span>
    </p>

    <p class='ocr_par' dir='ltr' id='par_1_3' title="bbox 190 669 1364 1209">
     <span class='ocr_line' id='line_1_11' title="bbox 287 669 1360 718; baseline 0.001 -11"><span class='ocrx_word' id='word_1_77' title='bbox 287 669 330 707; x_wconf 93' lang='lat' dir='ltr'><strong>A</strong></span> <span class='ocrx_word' id='word_1_78' title='bbox 350 669 558 716; x_wconf 60' lang='lat' dir='ltr'><strong>Pausania,</strong></span> <span class='ocrx_word' id='word_1_79' title='bbox 579 669 739 707; x_wconf 81' lang='lat' dir='ltr'><strong>Lentuli</strong></span> <span class='ocrx_word' id='word_1_80' title='bbox 757 669 909 718; x_wconf 81' lang='lat' dir='ltr'><strong>liberto,</strong></span> <span class='ocrx_word' id='word_1_81' title='bbox 925 682 1079 708; x_wconf 82' lang='lat' dir='ltr'><strong>accenso</strong></span> <span class='ocrx_word' id='word_1_82' title='bbox 1096 682 1199 716; x_wconf 84' lang='lat' dir='ltr'><strong>meo,</strong></span> <span class='ocrx_word' id='word_1_83' title='bbox 1214 669 1360 717; x_wconf 88' lang='lat' dir='ltr'><strong>audivi,</strong></span> 
     </span>
     <span class='ocr_line' id='line_1_12' title="bbox 233 723 1361 776; baseline 0 -15"><span class='ocrx_word' id='word_1_84' title='bbox 233 736 324 761; x_wconf 91' lang='lat' dir='ltr'><strong>cum</strong></span> <span class='ocrx_word' id='word_1_85' title='bbox 336 723 490 771; x_wconf 88' lang='lat' dir='ltr'><strong>diceret,</strong></span> <span class='ocrx_word' id='word_1_86' title='bbox 506 730 544 761; x_wconf 91' lang='lat' dir='ltr'><strong>te</strong></span> <span class='ocrx_word' id='word_1_87' title='bbox 559 736 688 761; x_wconf 87' lang='lat' dir='ltr'><strong>secum</strong></span> <span class='ocrx_word' id='word_1_88' title='bbox 703 736 781 761; x_wconf 91' lang='lat' dir='ltr'><strong>esse</strong></span> <span class='ocrx_word' id='word_1_89' title='bbox 794 730 989 775; x_wconf 91' lang='lat' dir='ltr'><strong>questum,</strong></span> <span class='ocrx_word' id='word_1_90' title='bbox 1006 723 1111 776; x_wconf 90' lang='lat' dir='ltr'><strong>quod</strong></span> <span class='ocrx_word' id='word_1_91' title='bbox 1125 724 1196 762; x_wconf 87' lang='lat' dir='ltr'><strong>tibi</strong></span> <span class='ocrx_word' id='word_1_92' title='bbox 1206 723 1361 763; x_wconf 88' lang='lat' dir='ltr'><strong>obviam</strong></span> 
     </span>
     <span class='ocr_line' id='line_1_13' title="bbox 233 777 1362 829; baseline 0.002 -15"><span class='ocrx_word' id='word_1_93' title='bbox 233 790 311 815; x_wconf 92' lang='lat' dir='ltr'><strong>non</strong></span> <span class='ocrx_word' id='word_1_94' title='bbox 330 777 557 829; x_wconf 86' lang='lat' dir='ltr'><strong>prodissem.</strong></span> <span class='ocrx_word' id='word_1_95' title='bbox 594 777 745 816; x_wconf 78' lang='lat' dir='ltr'><strong>Scilicet</strong></span> <span class='ocrx_word' id='word_1_96' title='bbox 764 777 948 816; x_wconf 89' lang='lat' dir='ltr'><strong>contemsi</strong></span> <span class='ocrx_word' id='word_1_97' title='bbox 966 784 1029 823; x_wconf 92' lang='lat' dir='ltr'><strong>te,</strong></span> <span class='ocrx_word' id='word_1_98' title='bbox 1018 791 1028 801; x_wconf 69' lang='lat'>⁸</span> <span class='ocrx_word' id='word_1_99' title='bbox 1050 790 1121 816; x_wconf 88' lang='lat' dir='ltr'><strong>nec</strong></span> <span class='ocrx_word' id='word_1_100' title='bbox 1138 786 1262 829; x_wconf 84' lang='lat' dir='ltr'><strong>potest</strong></span> <span class='ocrx_word' id='word_1_101' title='bbox 1280 777 1362 816; x_wconf 82' lang='lat' dir='ltr'><strong>fieri</strong></span> 
     </span>
     <span class='ocr_line' id='line_1_14' title="bbox 234 831 1361 883; baseline 0.002 -15"><span class='ocrx_word' id='word_1_102' title='bbox 234 844 297 870; x_wconf 88' lang='lat' dir='ltr'><strong>me</strong></span> <span class='ocrx_word' id='word_1_103' title='bbox 316 831 531 883; x_wconf 80' lang='lat' dir='ltr'><strong>quidquam</strong></span> <span class='ocrx_word' id='word_1_104' title='bbox 550 831 777 882; x_wconf 84' lang='lat' dir='ltr'><strong>superbius!</strong></span> <span class='ocrx_word' id='word_1_105' title='bbox 810 831 914 870; x_wconf 90' lang='lat' dir='ltr'><strong>Cum</strong></span> <span class='ocrx_word' id='word_1_106' title='bbox 932 845 1029 883; x_wconf 89' lang='lat' dir='ltr'><strong>puer</strong></span> <span class='ocrx_word' id='word_1_107' title='bbox 1047 838 1138 870; x_wconf 88' lang='lat' dir='ltr'><strong>tuus</strong></span> <span class='ocrx_word' id='word_1_108' title='bbox 1158 832 1207 870; x_wconf 87' lang='lat' dir='ltr'><strong>ad</strong></span> <span class='ocrx_word' id='word_1_109' title='bbox 1225 845 1289 870; x_wconf 92' lang='lat' dir='ltr'><strong>me</strong></span> <span class='ocrx_word' id='word_1_110' title='bbox 1303 845 1361 870; x_wconf 90' lang='lat' dir='ltr'><strong>se-</strong></span> 
     </span>
     <span class='ocr_line' id='line_1_15' title="bbox 233 885 1363 937; baseline 0.002 -14"><span class='ocrx_word' id='word_1_111' title='bbox 233 886 361 923; x_wconf 82' lang='lat' dir='ltr'><strong>cunda</strong></span> <span class='ocrx_word' id='word_1_112' title='bbox 380 886 458 924; x_wconf 82' lang='lat' dir='ltr'><strong>fere</strong></span> <span class='ocrx_word' id='word_1_113' title='bbox 477 885 609 936; x_wconf 86' lang='lat' dir='ltr'><strong>vigilia</strong></span> <span class='ocrx_word' id='word_1_114' title='bbox 627 899 672 923; x_wconf 90' lang='lat' dir='ltr'>v</span> <span class='ocrx_word' id='word_1_115' title='bbox 655 885 803 932; x_wconf 65' lang='grc' dir='ltr'><strong>Ω1115501,</strong></span> <span class='ocrx_word' id='word_1_116' title='bbox 832 885 942 937; x_wconf 87' lang='lat' dir='ltr'><strong>isque</strong></span> <span class='ocrx_word' id='word_1_117' title='bbox 965 893 1004 924; x_wconf 90' lang='lat' dir='ltr'><strong>te</strong></span> <span class='ocrx_word' id='word_1_118' title='bbox 1022 893 1112 924; x_wconf 89' lang='lat' dir='ltr'><strong>ante</strong></span> <span class='ocrx_word' id='word_1_119' title='bbox 1128 886 1257 925; x_wconf 87' lang='lat' dir='ltr'><strong>lucem</strong></span> <span class='ocrx_word' id='word_1_120' title='bbox 1276 887 1363 925; x_wconf 82' lang='lat' dir='ltr'><strong>Ico-</strong></span> 
     </span>
     <span class='ocr_line' id='line_1_16' title="bbox 234 939 1363 992; baseline 0.002 -15"><span class='ocrx_word' id='word_1_121' title='bbox 234 940 345 977; x_wconf 88' lang='lat' dir='ltr'><strong>nium</strong></span> <span class='ocrx_word' id='word_1_122' title='bbox 364 940 462 977; x_wconf 85' lang='lat' dir='ltr'><strong>mihi</strong></span> <span class='ocrx_word' id='word_1_123' title='bbox 480 947 688 978; x_wconf 85' lang='lat' dir='ltr'><strong>venturum</strong></span> <span class='ocrx_word' id='word_1_124' title='bbox 706 939 936 987; x_wconf 84' lang='lat' dir='ltr'><strong>nuntiasset,</strong></span> <span class='ocrx_word' id='word_1_125' title='bbox 964 940 1245 992; x_wconf 85' lang='lat' dir='ltr'><strong>incertumque,</strong></span> <span class='ocrx_word' id='word_1_126' title='bbox 1274 940 1363 979; x_wconf 84' lang='lat' dir='ltr'><strong>utra</strong></span> 
     </span>
     <span class='ocr_line' id='line_1_17' title="bbox 234 993 1363 1042; baseline 0.001 -11"><span class='ocrx_word' id='word_1_127' title='bbox 234 994 312 1040; x_wconf 86' lang='lat' dir='ltr'><strong>via,</strong></span> <span class='ocrx_word' id='word_1_128' title='bbox 333 1008 422 1032; x_wconf 86' lang='lat' dir='ltr'><strong>cum</strong></span> <span class='ocrx_word' id='word_1_129' title='bbox 442 1002 565 1032; x_wconf 88' lang='lat' dir='ltr'><strong>essent</strong></span> <span class='ocrx_word' id='word_1_130' title='bbox 582 993 695 1039; x_wconf 84' lang='lat' dir='ltr'><strong>duae;</strong></span> <span class='ocrx_word' id='word_1_131' title='bbox 727 994 848 1032; x_wconf 82' lang='lat' dir='ltr'><strong>altera</strong></span> <span class='ocrx_word' id='word_1_132' title='bbox 865 994 1096 1042; x_wconf 89' lang='lat' dir='ltr'><strong>Varronem,</strong></span> <span class='ocrx_word' id='word_1_133' title='bbox 1115 1002 1231 1032; x_wconf 90' lang='lat' dir='ltr'><strong>tuum</strong></span> <span class='ocrx_word' id='word_1_134' title='bbox 1247 994 1363 1032; x_wconf 88' lang='lat' dir='ltr'><strong>fami-</strong></span> 
     </span>
     <span class='ocr_line' id='line_1_18' title="bbox 234 1046 1364 1100; baseline 0.002 -15"><span class='ocrx_word' id='word_1_135' title='bbox 234 1048 499 1097; x_wconf 88' lang='lat' dir='ltr'><strong>liarissimum,</strong></span> <span class='ocrx_word' id='word_1_136' title='bbox 527 1046 645 1086; x_wconf 63' lang='lat' dir='ltr'><strong>altera</strong></span> <span class='ocrx_word' id='word_1_137' title='bbox 670 1048 722 1096; x_wconf 87' lang='lat' dir='ltr'><strong>Q.</strong></span> <span class='ocrx_word' id='word_1_138' title='bbox 749 1049 933 1100; x_wconf 87' lang='lat' dir='ltr'><strong>Leptam,</strong></span> <span class='ocrx_word' id='word_1_139' title='bbox 955 1049 1183 1100; x_wconf 85' lang='lat' dir='ltr'><strong>praefectum</strong></span> <span class='ocrx_word' id='word_1_140' title='bbox 1208 1049 1364 1088; x_wconf 74' lang='lat' dir='ltr'><strong>fabrum</strong></span> 
     </span>
     <span class='ocr_line' id='line_1_19' title="bbox 234 1102 1362 1154; baseline 0.001 -14"><span class='ocrx_word' id='word_1_141' title='bbox 234 1115 381 1150; x_wconf 89' lang='lat' dir='ltr'><strong>meum,</strong></span> <span class='ocrx_word' id='word_1_142' title='bbox 412 1103 482 1141; x_wconf 91' lang='lat' dir='ltr'><strong>tibi</strong></span> <span class='ocrx_word' id='word_1_143' title='bbox 510 1102 663 1140; x_wconf 77' lang='lat' dir='ltr'><strong>obviam</strong></span> <span class='ocrx_word' id='word_1_144' title='bbox 690 1102 790 1141; x_wconf 76' lang='lat' dir='ltr'><strong>misi.</strong></span> <span class='ocrx_word' id='word_1_145' title='bbox 831 1103 1022 1141; x_wconf 89' lang='lat' dir='ltr'><strong>Mandavi</strong></span> <span class='ocrx_word' id='word_1_146' title='bbox 1039 1103 1194 1154; x_wconf 86' lang='lat' dir='ltr'><strong>utrique</strong></span> <span class='ocrx_word' id='word_1_147' title='bbox 1213 1115 1362 1152; x_wconf 89' lang='lat' dir='ltr'><strong>eorum,</strong></span> 
     </span>
     <span class='ocr_line' id='line_1_20' title="bbox 190 1155 1364 1209; baseline 0.002 -15"><span class='ocrx_word' id='word_1_148' title='bbox 190 1191 193 1194; x_wconf 90' lang='lat'><em>.</em></span> <span class='ocrx_word' id='word_1_149' title='bbox 235 1164 278 1194; x_wconf 92' lang='lat' dir='ltr'><strong>ut</strong></span> <span class='ocrx_word' id='word_1_150' title='bbox 296 1165 384 1195; x_wconf 89' lang='lat' dir='ltr'><strong>ante</strong></span> <span class='ocrx_word' id='word_1_151' title='bbox 403 1156 452 1194; x_wconf 88' lang='lat' dir='ltr'><strong>ad</strong></span> <span class='ocrx_word' id='word_1_152' title='bbox 470 1170 534 1194; x_wconf 93' lang='lat' dir='ltr'><strong>me</strong></span> <span class='ocrx_word' id='word_1_153' title='bbox 556 1155 855 1208; x_wconf 81' lang='lat' dir='ltr'><strong>[excurrerent,]</strong></span> <span class='ocrx_word' id='word_1_154' title='bbox 882 1165 927 1195; x_wconf 92' lang='lat' dir='ltr'><strong>ut</strong></span> <span class='ocrx_word' id='word_1_155' title='bbox 945 1157 1016 1195; x_wconf 91' lang='lat' dir='ltr'><strong>tibi</strong></span> <span class='ocrx_word' id='word_1_156' title='bbox 1040 1157 1194 1196; x_wconf 83' lang='lat' dir='ltr'><strong>obviam</strong></span> <span class='ocrx_word' id='word_1_157' title='bbox 1211 1157 1364 1209; x_wconf 85' lang='lat' dir='ltr'><strong>prodire</strong></span> 
     </span>
    </p>

    <p class='ocr_par' dir='ltr' id='par_1_4' title="bbox 214 1209 1364 2241">
     <span class='ocr_line' id='line_1_21' title="bbox 233 1209 1364 1263; baseline 0.001 -14"><span class='ocrx_word' id='word_1_158' title='bbox 233 1224 395 1262; x_wconf 88' lang='lat' dir='ltr'><strong>possem.</strong></span> <span class='ocrx_word' id='word_1_159' title='bbox 428 1209 598 1250; x_wconf 88' lang='lat' dir='ltr'><strong>Currens</strong></span> <span class='ocrx_word' id='word_1_160' title='bbox 621 1210 748 1262; x_wconf 86' lang='lat' dir='ltr'><strong>Lepta</strong></span> <span class='ocrx_word' id='word_1_161' title='bbox 766 1212 886 1259; x_wconf 85' lang='lat' dir='ltr'><strong>venit,</strong></span> <span class='ocrx_word' id='word_1_162' title='bbox 904 1211 1080 1263; x_wconf 85' lang='lat' dir='ltr'><strong>mihique</strong></span> <span class='ocrx_word' id='word_1_163' title='bbox 1098 1211 1306 1261; x_wconf 84' lang='lat' dir='ltr'><strong>nuntiavit,</strong></span> <span class='ocrx_word' id='word_1_164' title='bbox 1325 1219 1364 1250; x_wconf 90' lang='lat' dir='ltr'><strong>te</strong></span> 
     </span>
     <span class='ocr_line' id='line_1_22' title="bbox 230 1265 1363 1316; baseline 0.001 -13"><span class='ocrx_word' id='word_1_165' title='bbox 230 1266 314 1314; x_wconf 88' lang='lat' dir='ltr'><strong>jam</strong></span> <span class='ocrx_word' id='word_1_166' title='bbox 333 1272 455 1304; x_wconf 87' lang='lat' dir='ltr'><strong>castra</strong></span> <span class='ocrx_word' id='word_1_167' title='bbox 478 1272 788 1316; x_wconf 86' lang='lat' dir='ltr'><strong>praetergressum</strong></span> <span class='ocrx_word' id='word_1_168' title='bbox 813 1278 920 1304; x_wconf 86' lang='lat' dir='ltr'><strong>esse:</strong></span> <span class='ocrx_word' id='word_1_169' title='bbox 951 1265 1152 1304; x_wconf 87' lang='lat' dir='ltr'><strong>confestim</strong></span> <span class='ocrx_word' id='word_1_170' title='bbox 1183 1266 1363 1304; x_wconf 89' lang='lat' dir='ltr'><strong>Iconium</strong></span> 
     </span>
     <span class='ocr_line' id='line_1_23' title="bbox 235 1319 1364 1371; baseline 0.003 -15"><span class='ocrx_word' id='word_1_171' title='bbox 235 1319 346 1357; x_wconf 89' lang='lat' dir='ltr'><strong>veni:</strong></span> <span class='ocrx_word' id='word_1_172' title='bbox 369 1326 503 1357; x_wconf 84' lang='lat' dir='ltr'><strong>caetera</strong></span> <span class='ocrx_word' id='word_1_173' title='bbox 517 1320 601 1369; x_wconf 87' lang='lat' dir='ltr'><strong>jam</strong></span> <span class='ocrx_word' id='word_1_174' title='bbox 619 1319 690 1357; x_wconf 87' lang='lat' dir='ltr'><strong>tibi</strong></span> <span class='ocrx_word' id='word_1_175' title='bbox 708 1327 799 1358; x_wconf 90' lang='lat' dir='ltr'><strong>nota</strong></span> <span class='ocrx_word' id='word_1_176' title='bbox 816 1327 919 1358; x_wconf 86' lang='lat' dir='ltr'><strong>sunt.</strong></span> <span class='ocrx_word' id='word_1_177' title='bbox 948 1320 1018 1358; x_wconf 92' lang='lat' dir='ltr'><strong>An</strong></span> <span class='ocrx_word' id='word_1_178' title='bbox 1032 1333 1101 1371; x_wconf 86' lang='lat' dir='ltr'><strong>ego</strong></span> <span class='ocrx_word' id='word_1_179' title='bbox 1120 1320 1191 1358; x_wconf 87' lang='lat' dir='ltr'><strong>tibi</strong></span> <span class='ocrx_word' id='word_1_180' title='bbox 1209 1320 1364 1359; x_wconf 85' lang='lat' dir='ltr'><strong>obviam</strong></span> 
     </span>
     <span class='ocr_line' id='line_1_24' title="bbox 234 1373 1361 1426; baseline 0.002 -15"><span class='ocrx_word' id='word_1_181' title='bbox 234 1386 312 1411; x_wconf 87' lang='lat' dir='ltr'><strong>non</strong></span> <span class='ocrx_word' id='word_1_182' title='bbox 344 1373 568 1425; x_wconf 83' lang='lat' dir='ltr'><strong>prodirem?</strong></span> <span class='ocrx_word' id='word_1_183' title='bbox 597 1373 785 1424; x_wconf 84' lang='lat' dir='ltr'><strong>primum,</strong></span> <span class='ocrx_word' id='word_1_184' title='bbox 816 1374 951 1426; x_wconf 84' lang='lat' dir='ltr'><strong>Appio</strong></span> <span class='ocrx_word' id='word_1_185' title='bbox 981 1374 1146 1413; x_wconf 87' lang='lat' dir='ltr'><strong>Claudio</strong></span> <span class='ocrx_word' id='word_1_186' title='bbox 1163 1377 1181 1413; x_wconf 72' lang='grc' dir='ltr'><em>Ρ</em></span> <span class='ocrx_word' id='word_1_187' title='bbox 1209 1373 1361 1422; x_wconf 90' lang='lat' dir='ltr'><strong>deinde,</strong></span> 
     </span>
     <span class='ocr_line' id='line_1_25' title="bbox 233 1427 1363 1480; baseline 0.002 -15"><span class='ocrx_word' id='word_1_188' title='bbox 233 1427 486 1479; x_wconf 80' lang='lat' dir='ltr'><strong>imperatori?</strong></span> <span class='ocrx_word' id='word_1_189' title='bbox 517 1427 670 1476; x_wconf 85' lang='lat' dir='ltr'><strong>deinde,</strong></span> <span class='ocrx_word' id='word_1_190' title='bbox 686 1441 794 1466; x_wconf 88' lang='lat' dir='ltr'><strong>more</strong></span> <span class='ocrx_word' id='word_1_191' title='bbox 812 1430 1007 1476; x_wconf 87' lang='lat' dir='ltr'><strong>majorum</strong></span> <span class='ocrx_word' id='word_1_192' title='bbox 1022 1431 1040 1467; x_wconf 73' lang='grc' dir='ltr'><em>Ρ</em></span> <span class='ocrx_word' id='word_1_193' title='bbox 1070 1428 1223 1478; x_wconf 85' lang='lat' dir='ltr'><strong>deinde,</strong></span> <span class='ocrx_word' id='word_1_194' title='bbox 1240 1428 1363 1480; x_wconf 90' lang='lat' dir='ltr'><strong>(quod</strong></span> 
     </span>
     <span class='ocr_line' id='line_1_26' title="bbox 233 1482 1364 1534; baseline 0.003 -15"><span class='ocrx_word' id='word_1_195' title='bbox 233 1489 349 1533; x_wconf 85' lang='lat' dir='ltr'><strong>caput</strong></span> <span class='ocrx_word' id='word_1_196' title='bbox 382 1489 453 1529; x_wconf 90' lang='lat' dir='ltr'><strong>est)</strong></span> <span class='ocrx_word' id='word_1_197' title='bbox 484 1482 608 1520; x_wconf 87' lang='lat' dir='ltr'><strong>amico</strong></span> <span class='ocrx_word' id='word_1_198' title='bbox 623 1484 640 1521; x_wconf 74' lang='grc' dir='ltr'><em>Ρ</em></span> <span class='ocrx_word' id='word_1_199' title='bbox 678 1483 891 1533; x_wconf 86' lang='lat' dir='ltr'><strong>praesertim</strong></span> <span class='ocrx_word' id='word_1_200' title='bbox 924 1496 1014 1521; x_wconf 89' lang='lat' dir='ltr'><strong>cum</strong></span> <span class='ocrx_word' id='word_1_201' title='bbox 1048 1482 1092 1520; x_wconf 90' lang='lat' dir='ltr'><strong>in</strong></span> <span class='ocrx_word' id='word_1_202' title='bbox 1122 1482 1196 1522; x_wconf 89' lang='lat' dir='ltr'><strong>isto</strong></span> <span class='ocrx_word' id='word_1_203' title='bbox 1225 1495 1364 1534; x_wconf 88' lang='lat' dir='ltr'><strong>genere</strong></span> 
     </span>
     <span class='ocr_line' id='line_1_27' title="bbox 233 1536 1363 1589; baseline 0.003 -16"><span class='ocrx_word' id='word_1_204' title='bbox 233 1536 359 1574; x_wconf 77' lang='lat' dir='ltr'><strong>multo</strong></span> <span class='ocrx_word' id='word_1_205' title='bbox 378 1536 495 1573; x_wconf 89' lang='lat' dir='ltr'><strong>etiam</strong></span> <span class='ocrx_word' id='word_1_206' title='bbox 514 1536 753 1575; x_wconf 87' lang='lat' dir='ltr'><strong>ambitiosius</strong></span> <span class='ocrx_word' id='word_1_207' title='bbox 771 1537 894 1575; x_wconf 86' lang='lat' dir='ltr'><strong>facere</strong></span> <span class='ocrx_word' id='word_1_208' title='bbox 913 1537 1072 1585; x_wconf 88' lang='lat' dir='ltr'><strong>soleam,</strong></span> <span class='ocrx_word' id='word_1_209' title='bbox 1102 1550 1222 1589; x_wconf 87' lang='lat' dir='ltr'><strong>quam</strong></span> <span class='ocrx_word' id='word_1_210' title='bbox 1240 1537 1363 1576; x_wconf 92' lang='lat' dir='ltr'><strong>honos</strong></span> 
     </span>
     <span class='ocr_line' id='line_1_28' title="bbox 234 1590 1363 1642; baseline 0.002 -14"><span class='ocrx_word' id='word_1_211' title='bbox 234 1603 344 1628; x_wconf 91' lang='lat' dir='ltr'><strong>meus</strong></span> <span class='ocrx_word' id='word_1_212' title='bbox 359 1598 396 1628; x_wconf 92' lang='lat' dir='ltr'><strong>et</strong></span> <span class='ocrx_word' id='word_1_213' title='bbox 415 1590 581 1641; x_wconf 86' lang='lat' dir='ltr'><strong>dignitas</strong></span> <span class='ocrx_word' id='word_1_214' title='bbox 599 1592 780 1642; x_wconf 83' lang='lat' dir='ltr'><strong>postulat.</strong></span> <span class='ocrx_word' id='word_1_215' title='bbox 822 1591 898 1630; x_wconf 87' lang='lat' dir='ltr'><strong>Sed</strong></span> <span class='ocrx_word' id='word_1_216' title='bbox 916 1591 998 1630; x_wconf 83' lang='lat' dir='ltr'><strong>haec</strong></span> <span class='ocrx_word' id='word_1_217' title='bbox 1016 1592 1214 1630; x_wconf 71' lang='lat' dir='ltr'><strong>hactenus-</strong></span> <span class='ocrx_word' id='word_1_218' title='bbox 1254 1591 1363 1630; x_wconf 90' lang='lat' dir='ltr'><strong>Illud</strong></span> 
     </span>
     <span class='ocr_line' id='line_1_29' title="bbox 233 1644 1363 1698; baseline 0.002 -16"><span class='ocrx_word' id='word_1_219' title='bbox 233 1644 338 1682; x_wconf 88' lang='lat' dir='ltr'><strong>idem</strong></span> <span class='ocrx_word' id='word_1_220' title='bbox 358 1645 570 1683; x_wconf 86' lang='lat' dir='ltr'><strong>Pausanias</strong></span> <span class='ocrx_word' id='word_1_221' title='bbox 603 1645 754 1684; x_wconf 84' lang='lat' dir='ltr'><strong>dicebat</strong></span> <span class='ocrx_word' id='word_1_222' title='bbox 779 1653 817 1683; x_wconf 91' lang='lat' dir='ltr'><strong>te</strong></span> <span class='ocrx_word' id='word_1_223' title='bbox 836 1645 1002 1684; x_wconf 77' lang='lat' dir='ltr'><strong>dixisse:</strong></span> <span class='ocrx_word' id='word_1_224' title='bbox 1039 1645 1194 1698; x_wconf 90' lang='lat' dir='ltr'><strong>(quidni</strong></span> <span class='ocrx_word' id='word_1_225' title='bbox 1208 1648 1246 1694; x_wconf 68' lang='grc' dir='ltr'><strong>ἓ)</strong></span> <span class='ocrx_word' id='word_1_226' title='bbox 1273 1645 1363 1697; x_wconf 86' lang='lat' dir='ltr'><strong>Ap-</strong></span> 
     </span>
     <span class='ocr_line' id='line_1_30' title="bbox 233 1698 1363 1751; baseline 0.003 -15"><span class='ocrx_word' id='word_1_227' title='bbox 233 1698 322 1750; x_wconf 90' lang='lat' dir='ltr'><strong>pius</strong></span> <span class='ocrx_word' id='word_1_228' title='bbox 334 1698 518 1745; x_wconf 85' lang='lat' dir='ltr'><strong>Lentulo,</strong></span> <span class='ocrx_word' id='word_1_229' title='bbox 535 1699 728 1738; x_wconf 89' lang='lat' dir='ltr'><strong>Lentulus</strong></span> <span class='ocrx_word' id='word_1_230' title='bbox 743 1700 892 1751; x_wconf 90' lang='lat' dir='ltr'><strong>Appio,</strong></span> <span class='ocrx_word' id='word_1_231' title='bbox 906 1700 1086 1751; x_wconf 86' lang='lat' dir='ltr'><strong>processit</strong></span> <span class='ocrx_word' id='word_1_232' title='bbox 1099 1700 1273 1739; x_wconf 86' lang='lat' dir='ltr'><strong>obviam:</strong></span> <span class='ocrx_word' id='word_1_233' title='bbox 1296 1699 1363 1739; x_wconf 93' lang='lat' dir='ltr'><strong>Ci-</strong></span> 
     </span>
     <span class='ocr_line' id='line_1_31' title="bbox 232 1752 1361 1806; baseline 0.002 -16"><span class='ocrx_word' id='word_1_234' title='bbox 232 1765 319 1791; x_wconf 81' lang='lat' dir='ltr'><strong>cero</strong></span> <span class='ocrx_word' id='word_1_235' title='bbox 338 1752 472 1804; x_wconf 90' lang='lat' dir='ltr'><strong>Appio</strong></span> <span class='ocrx_word' id='word_1_236' title='bbox 491 1753 644 1791; x_wconf 85' lang='lat' dir='ltr'><strong>noluit?</strong></span> <span class='ocrx_word' id='word_1_237' title='bbox 674 1754 831 1802; x_wconf 83' lang='lat' dir='ltr'><strong>Quaeso,</strong></span> <span class='ocrx_word' id='word_1_238' title='bbox 853 1754 1019 1792; x_wconf 87' lang='lat' dir='ltr'><strong>etiamne</strong></span> <span class='ocrx_word' id='word_1_239' title='bbox 1037 1761 1081 1792; x_wconf 85' lang='lat' dir='ltr'><strong>tu</strong></span> <span class='ocrx_word' id='word_1_240' title='bbox 1099 1754 1168 1792; x_wconf 90' lang='lat' dir='ltr'><strong>has</strong></span> <span class='ocrx_word' id='word_1_241' title='bbox 1183 1754 1361 1806; x_wconf 87' lang='lat' dir='ltr'><strong>ineptias,</strong></span> 
     </span>
     <span class='ocr_line' id='line_1_32' title="bbox 235 1806 1363 1859; baseline 0.003 -15"><span class='ocrx_word' id='word_1_242' title='bbox 235 1806 352 1845; x_wconf 92' lang='lat' dir='ltr'><strong>homo</strong></span> <span class='ocrx_word' id='word_1_243' title='bbox 366 1807 471 1850; x_wconf 86' lang='lat' dir='ltr'><strong>(mea</strong></span> <span class='ocrx_word' id='word_1_244' title='bbox 485 1808 689 1855; x_wconf 84' lang='lat' dir='ltr'><strong>sententia)</strong></span> <span class='ocrx_word' id='word_1_245' title='bbox 705 1808 860 1846; x_wconf 63' lang='lat' dir='ltr'><strong>summit</strong></span> <span class='ocrx_word' id='word_1_246' title='bbox 871 1808 1092 1859; x_wconf 79' lang='lat' dir='ltr'><strong>prudentia,</strong></span> <span class='ocrx_word' id='word_1_247' title='bbox 1107 1808 1234 1847; x_wconf 88' lang='lat' dir='ltr'><strong>multa</strong></span> <span class='ocrx_word' id='word_1_248' title='bbox 1245 1809 1363 1847; x_wconf 85' lang='lat' dir='ltr'><strong>etiam</strong></span> 
     </span>
     <span class='ocr_line' id='line_1_33' title="bbox 231 1860 1364 1915; baseline 0.003 -17"><span class='ocrx_word' id='word_1_249' title='bbox 231 1860 422 1910; x_wconf 83' lang='lat' dir='ltr'><strong>doctrina,</strong></span> <span class='ocrx_word' id='word_1_250' title='bbox 434 1861 604 1913; x_wconf 86' lang='lat' dir='ltr'><strong>plurimo</strong></span> <span class='ocrx_word' id='word_1_251' title='bbox 615 1875 744 1900; x_wconf 86' lang='lat' dir='ltr'><strong>rerum</strong></span> <span class='ocrx_word' id='word_1_252' title='bbox 756 1876 844 1911; x_wconf 92' lang='lat' dir='ltr'><strong>usu,</strong></span> <span class='ocrx_word' id='word_1_253' title='bbox 861 1862 977 1905; x_wconf 89' lang='lat' dir='ltr'><strong>(addo</strong></span> <span class='ocrx_word' id='word_1_254' title='bbox 989 1862 1262 1911; x_wconf 87' lang='lat' dir='ltr'><strong>urbanitatem,</strong></span> <span class='ocrx_word' id='word_1_255' title='bbox 1276 1876 1364 1915; x_wconf 89' lang='lat' dir='ltr'><strong>quae</strong></span> 
     </span>
     <span class='ocr_line' id='line_1_34' title="bbox 226 1915 1362 1969; baseline 0.002 -16"><span class='ocrx_word' id='word_1_256' title='bbox 226 1923 291 1953; x_wconf 87' lang='lat' dir='ltr'><strong>-est</strong></span> <span class='ocrx_word' id='word_1_257' title='bbox 303 1915 438 1964; x_wconf 89' lang='lat' dir='ltr'><strong>virtus,</strong></span> <span class='ocrx_word' id='word_1_258' title='bbox 453 1922 498 1954; x_wconf 93' lang='lat' dir='ltr'><strong>ut</strong></span> <span class='ocrx_word' id='word_1_259' title='bbox 510 1915 630 1954; x_wconf 74' lang='lat' dir='ltr'><strong>Stoici</strong></span> <span class='ocrx_word' id='word_1_260' title='bbox 645 1916 852 1955; x_wconf 85' lang='lat' dir='ltr'><strong>rectissime</strong></span> <span class='ocrx_word' id='word_1_261' title='bbox 862 1924 1018 1969; x_wconf 91' lang='lat' dir='ltr'><strong>putant)</strong></span> <span class='ocrx_word' id='word_1_262' title='bbox 1033 1917 1156 1955; x_wconf 87' lang='lat' dir='ltr'><strong>ullam</strong></span> <span class='ocrx_word' id='word_1_263' title='bbox 1172 1916 1362 1969; x_wconf 87' lang='lat' dir='ltr'><strong>Appieta-</strong></span> 
     </span>
     <span class='ocr_line' id='line_1_35' title="bbox 237 1970 1362 2023; baseline 0.002 -16"><span class='ocrx_word' id='word_1_264' title='bbox 237 1979 316 2007; x_wconf 89' lang='lat' dir='ltr'><strong>tem</strong></span> <span class='ocrx_word' id='word_1_265' title='bbox 335 1976 404 2008; x_wconf 90' lang='lat' dir='ltr'><strong>aut</strong></span> <span class='ocrx_word' id='word_1_266' title='bbox 429 1970 709 2008; x_wconf 89' lang='lat' dir='ltr'><strong>Lentulitatem</strong></span> <span class='ocrx_word' id='word_1_267' title='bbox 729 1971 854 2009; x_wconf 80' lang='lat' dir='ltr'><strong>valere</strong></span> <span class='ocrx_word' id='word_1_268' title='bbox 883 1971 988 2023; x_wconf 93' lang='lat' dir='ltr'><strong>apud</strong></span> <span class='ocrx_word' id='word_1_269' title='bbox 1017 1984 1080 2009; x_wconf 90' lang='lat' dir='ltr'><strong>me</strong></span> <span class='ocrx_word' id='word_1_270' title='bbox 1109 1971 1211 2023; x_wconf 91' lang='lat' dir='ltr'><strong>plus,</strong></span> <span class='ocrx_word' id='word_1_271' title='bbox 1243 1983 1362 2023; x_wconf 90' lang='lat' dir='ltr'><strong>quam</strong></span> 
     </span>
     <span class='ocr_line' id='line_1_36' title="bbox 233 2023 1364 2071; baseline 0.002 -10"><span class='ocrx_word' id='word_1_272' title='bbox 233 2031 459 2062; x_wconf 86' lang='lat' dir='ltr'><strong>ornamenta</strong></span> <span class='ocrx_word' id='word_1_273' title='bbox 485 2023 651 2071; x_wconf 86' lang='lat' dir='ltr'><strong>virtutis,</strong></span> <span class='ocrx_word' id='word_1_274' title='bbox 678 2025 899 2064; x_wconf 76' lang='lat' dir='ltr'><strong>existimas.</strong></span> <span class='ocrx_word' id='word_1_275' title='bbox 889 2028 907 2054; x_wconf 68' lang='lat'><em>9</em></span> <span class='ocrx_word' id='word_1_276' title='bbox 938 2024 1044 2065; x_wconf 90' lang='lat' dir='ltr'><strong>Cum</strong></span> <span class='ocrx_word' id='word_1_277' title='bbox 1071 2039 1115 2064; x_wconf 87' lang='lat' dir='ltr'><strong>ea</strong></span> <span class='ocrx_word' id='word_1_278' title='bbox 1141 2033 1364 2064; x_wconf 79' lang='lat' dir='ltr'><strong>consecutus</strong></span> 
     </span>
     <span class='ocr_line' id='line_1_37' title="bbox 214 2077 1364 2132; baseline 0.003 -17"><span class='ocrx_word' id='word_1_279' title='bbox 214 2077 217 2080; x_wconf 83' lang='grc'><strong>’</strong></span> <span class='ocrx_word' id='word_1_280' title='bbox 234 2078 410 2116; x_wconf 87' lang='lat' dir='ltr'><strong>nondum</strong></span> <span class='ocrx_word' id='word_1_281' title='bbox 430 2091 550 2127; x_wconf 87' lang='lat' dir='ltr'><strong>eram,</strong></span> <span class='ocrx_word' id='word_1_282' title='bbox 579 2093 667 2130; x_wconf 89' lang='lat' dir='ltr'><strong>quae</strong></span> <span class='ocrx_word' id='word_1_283' title='bbox 686 2087 775 2118; x_wconf 90' lang='lat' dir='ltr'><strong>sunt</strong></span> <span class='ocrx_word' id='word_1_284' title='bbox 794 2079 999 2118; x_wconf 88' lang='lat' dir='ltr'><strong>hominum</strong></span> <span class='ocrx_word' id='word_1_285' title='bbox 1017 2079 1262 2132; x_wconf 88' lang='lat' dir='ltr'><strong>opinionibus</strong></span> <span class='ocrx_word' id='word_1_286' title='bbox 1279 2092 1364 2117; x_wconf 85' lang='lat' dir='ltr'><strong>am-</strong></span> 
     </span>
     <span class='ocr_line' id='line_1_38' title="bbox 236 2132 1364 2186; baseline 0.002 -17"><span class='ocrx_word' id='word_1_287' title='bbox 236 2132 436 2183; x_wconf 85' lang='lat' dir='ltr'><strong>plissima;</strong></span> <span class='ocrx_word' id='word_1_288' title='bbox 466 2140 596 2172; x_wconf 85' lang='lat' dir='ltr'><strong>tamen</strong></span> <span class='ocrx_word' id='word_1_289' title='bbox 626 2133 699 2172; x_wconf 88' lang='lat' dir='ltr'><strong>ista</strong></span> <span class='ocrx_word' id='word_1_290' title='bbox 717 2141 841 2173; x_wconf 84' lang='lat' dir='ltr'><strong>vestra</strong></span> <span class='ocrx_word' id='word_1_291' title='bbox 869 2135 1027 2173; x_wconf 86' lang='lat' dir='ltr'><strong>nomina</strong></span> <span class='ocrx_word' id='word_1_292' title='bbox 1049 2147 1252 2186; x_wconf 90' lang='lat' dir='ltr'><strong>nunquam</strong></span> <span class='ocrx_word' id='word_1_293' title='bbox 1274 2146 1364 2172; x_wconf 86' lang='lat' dir='ltr'><strong>sum</strong></span> 
     </span>
     <span class='ocr_line' id='line_1_39' title="bbox 228 2185 1364 2241; baseline 0 -15"><span class='ocrx_word' id='word_1_294' title='bbox 228 2185 473 2227; x_wconf 75' lang='lat' dir='ltr'><strong>admiratus:</strong></span> <span class='ocrx_word' id='word_1_295' title='bbox 517 2187 618 2227; x_wconf 81' lang='lat' dir='ltr'><strong>viros</strong></span> <span class='ocrx_word' id='word_1_296' title='bbox 651 2201 745 2237; x_wconf 87' lang='lat' dir='ltr'><strong>esse,</strong></span> <span class='ocrx_word' id='word_1_297' title='bbox 784 2188 853 2241; x_wconf 91' lang='lat' dir='ltr'><strong>qui</strong></span> <span class='ocrx_word' id='word_1_298' title='bbox 889 2202 934 2228; x_wconf 89' lang='lat' dir='ltr'><strong>ea</strong></span> <span class='ocrx_word' id='word_1_299' title='bbox 971 2188 1077 2234; x_wconf 84' lang='lat' dir='ltr'><strong>vobis</strong></span> <span class='ocrx_word' id='word_1_300' title='bbox 1109 2187 1364 2241; x_wconf 85' lang='lat' dir='ltr'><strong>reliquissent,</strong></span> 
     </span>
    </p>
   </div>
  </div>
 </body>
</html>
