1481 2422
316 99 402 139 AD
429 99 730 141 DIVERSOS.
761 99 862 140 Lm.
883 99 986 139 XII.
1020 100 1083 139 13.
1184 100 1262 146 371

139 207 281 247 milites
299 215 420 258 tuere,
440 208 472 248 si
491 222 554 249 eos
568 209 728 248 mirifice
742 209 790 248 de
803 208 1001 261 republica
1018 208 1175 248 meritos
1189 221 1269 249 esse

135 262 433 302 animadvertis:
464 272 502 302 et
529 264 648 312 effice,
678 276 728 302 ne
752 277 870 315 quem
893 264 1089 315 poeniteat,
1109 277 1267 316 rempu-

135 316 291 366 blicam,
312 331 432 369 quam
451 331 562 369 spem
579 318 719 370 praedae
738 327 776 356 et
790 318 1034 379 iapinarum,
1055 318 1164 369 sequi
1181 331 1267 356 ma-

138 370 266 410 luisse.
297 372 399 411 Item
419 372 552 411 Murci
571 380 608 411 et
627 372 767 424 Crispi,
787 372 1081 423 imperatorum,
1101 372 1269 423 dignita-

138 431 233 472 tem,
254 434 446 477 quantum
466 434 524 466 est
544 426 585 465 in
606 436 658 476 te,
680 434 796 465 tuere.
827 427 936 465 Nam
964 427 1110 464 Bassus
1130 426 1268 465 misere

135 480 262 518 noluit
280 481 378 519 1111111
403 481 595 533 legionem
613 481 773 520 tradere.
802 481 922 530 Quod
939 480 1014 519 nisi
1032 480 1250 528 milites,in
1209 493 1269 518 in-

135 534 215 573 vito
232 547 290 584 eo,
309 535 455 587 legatos
474 535 524 574 ad
542 549 606 574 me
624 535 830 585 misissent,
851 536 1023 574 clausam
1040 534 1265 587 Apameam

134 589 333 639 tenuisset,
353 590 481 642 quoad
499 589 538 628 vi
556 597 652 629 esset
679 597 912 642 expugnata.

191 643 290 682 Haec
315 658 339 683 a
357 652 394 683 te
418 652 522 697 peto,
551 656 629 683 non
659 645 785 683 solum
810 643 1031 696 reipublicae
1057 646 1164 697 (quae
1196 643 1269 684 tibi

133 708 285 749 semper
309 698 384 737 fuit
409 697 637 749 carissima),
669 699 736 738 sed
767 698 883 738 etiam
908 698 1087 737 amicitiae
1110 705 1264 748 nostrae,

134 752 306 802 nomine,
338 766 457 805 quam
494 754 644 792 confido
681 753 786 805 apud
819 760 857 791 te
891 753 1109 805 plurimum
1142 766 1264 805 posse.

136 805 260 845 Crede
284 807 396 856 mihi,
416 808 521 847 hunc
553 807 778 857 exercitum,
807 820 924 860 quem
942 808 1081 855 habeo,
1113 810 1266 847 senatus

136 867 253 912 atque
278 861 414 913 optimi
439 863 627 914 cujusque
651 875 744 910 esse,
768 862 1017 914 maximeque
1046 868 1186 908 tuum3
1218 862 1267 901 de

137 917 250 965 quus
269 916 467 956 voluntate
485 917 636 956 assidue
655 916 859 966 audiendo,
880 916 1041 955 mirifice
1066 923 1104 955 te
1124 916 1265 968 diligit,

136 981 347 1022 carumque
371 971 500 1010 habet.
541 971 624 1019 Qui
649 971 680 1009 si
698 971 944 1018 intellexerit,
967 971 1168 1010 commoda
1195 984 1265 1010 sua

134 1035 237 1062 curae
256 1024 327 1063 tibi
341 1038 434 1074 esse,
456 1026 593 1065 debere
612 1026 728 1064 etiam
748 1039 787 1064 se
806 1026 876 1064 tibi
895 1025 1027 1063 omnia
1044 1026 1210 1077 putabit.

190 1078 331 1118 Literis
345 1080 508 1142 scriptis,
529 1080 632 1119 audi'
608 1094 649 1127 ¹1,
674 1079 952 1118 Dolabellam
941 1092 982 1117 in
1003 1079 1179 1118 Ciliciam
1199 1093 1264 1118 ve-

133 1131 235 1171 nisse
253 1146 342 1172 cum
372 1135 450 1173 suis
471 1134 600 1186 copiis.
633 1134 882 1174 Proficiscar
871 1147 912 1172 in
933 1133 1123 1172 Ciliciam.
1153 1134 1263 1182 Quid

135 1187 293 1238 egerim,
310 1188 479 1228 celeriter
496 1197 542 1227 ut
561 1189 669 1251 scias,
685 1189 784 1228 dabo
797 1202 966 1241 operam.
995 1189 1059 1227 Ac
1074 1188 1205 1237 velim,
1218 1196 1265 1227 ut

133 1252 329 1281 meremur
347 1243 394 1282 de
412 1243 624 1295 republica,
641 1244 694 1283 sic
711 1243 838 1282 felices
858 1243 990 1282 simus.
1020 1243 1053 1281 F
1056 1255 1100 1282 ac
1122 1243 1262 1292 valeas,

134 1307 275 1348 meque
293 1310 409 1337 ames.
439 1298 567 1337 Nonis
582 1298 700 1348 Maii,
722 1311 769 1336 ex
789 1297 932 1338 castris.

174 1452 289 1512 (13.)
317 1462 546 1504 CAssms
577 1462 672 1516 [Q.]
704 1463 743 1503 5.
763 1463 817 1503 D.
846 1463 909 1503 M.
931 1461 1227 1504 CICERONI.

187 1578 516 1631 (Argumentum.
527 1602 583 1609 —
596 1579 824 1619 Gratulatur
859 1579 907 1618 de
932 1578 1153 1619 Mutinensi
1186 1578 1265 1619 vic-

132 1633 245 1683 toria,
267 1640 305 1673 et
322 1646 381 1673 res
396 1647 420 1672 a
434 1646 475 1673 se
488 1641 613 1687 gestas
631 1634 822 1686 exponit.)

187 1742 230 1782 Si
248 1742 365 1792 vales,
395 1743 494 1782 bene
519 1749 598 1782 est:
630 1756 701 1794 ego
724 1742 882 1794 quidem
908 1743 1029 1782 valeo.
1060 1743 1165 1782 Cum
1189 1742 1264 1782 rei-

131 1798 298 1850 publicae
323 1797 385 1836 vel
413 1797 536 1836 salute
555 1798 616 1836 vel
633 1797 791 1836 victoria
818 1797 1058 1848 gaudemus;
1088 1805 1175 1836 tum
1200 1797 1262 1836 111-

131 1851 364 1891 stauratione
383 1859 539 1890 tuarum
557 1851 735 1901 laudum,
765 1851 871 1904 quod
897 1851 1096 1890 maximus
1124 1863 1263 1891 consu-

130 1906 222 1944 laris
240 1906 460 1944 maximum
479 1907 677 1945 consulem
695 1913 734 1944 te
752 1906 834 1958 ipse
851 1905 988 1954 vicisti,
1011 1913 1048 1944 et
1066 1906 1259 1955 laetamur,

132 1968 171 1999 et
184 1960 316 1999 mirari
330 1961 420 1999 satis
432 1973 510 1999 non
523 1973 742 2013 possumus.
770 1961 906 1999 Fatale
923 1960 1050 1999 nescio
1069 1960 1164 2012 quid
1183 1967 1261 1999 tuae

131 2014 266 2054 virtuti
283 2014 419 2053 datum
437 2029 450 2062 ;
479 2015 598 2068 idque
616 2028 716 2067 saepe
731 2016 816 2066 jam
834 2015 983 2066 experti
1009 2028 1156 2054 sumus.
1184 2015 1260 2054 Est

133 2069 238 2107 enim
267 2076 336 2108 tua
364 2076 455 2121 toga
485 2070 663 2109 omnium
688 2070 805 2109 armis
836 2069 1006 2117 felicior3
1037 2082 1126 2122 quae
1155 2081 1260 2108 nunc

132 2135 288 2175 quoque
306 2123 416 2163 nobis
433 2137 544 2176 paene
561 2124 701 2164 victam
714 2124 994 2178 rempublicam
1013 2137 1062 2164 ex
1079 2123 1261 2164 manibus

130 2177 302 2217 hostium
316 2177 456 2231 eripuit
473 2192 519 2219 ac
531 2179 709 2219 reddidit.
1225 2203 1228 2205 Δ

187 2233 308 2274 Nunc
320 2246 410 2286 ergo
421 2233 596 2275 vivemus
612 2233 744 2277 liberi:
764 2246 869 2276 nunc
884 2240 935 2287 te,
950 2233 1128 2276 omnium
1145 2245 1261 2275 maxa
