1481 2422
208 133 288 179 276
398 132 481 172 AD
511 131 809 173 DIVERSOS.
840 132 941 172 LIB.
973 130 1053 172 IX.
1082 132 1149 172 24.

207 242 275 281 riae
293 241 449 281 consilia
468 250 558 281 sunt
569 242 665 281 inita
676 242 724 282 de
741 255 819 291 me,
837 255 926 295 quae
939 249 977 281 te
990 241 1102 281 video
1113 239 1334 280 inaudisse:

209 304 261 345 et,
294 297 404 349 quasi
433 297 662 343 divinarent,
687 310 806 349 quam
828 297 888 336 his
917 297 1102 335 molestus
1127 308 1250 334 essem
1273 295 1341 334 fu-

209 358 334 398 turus,
365 352 464 390 nihil
490 351 597 390 aliud
616 359 791 403 egerunt,
812 351 886 390 nisi
910 364 975 390 me
993 358 1039 389 ut
1067 350 1339 402 opprimerent.

209 405 329 453 Quod
358 420 428 457 ego
457 418 535 444 non
565 406 775 457 suspicans,
802 405 991 444 incautior
1013 404 1189 453 fuissem,
1219 403 1294 442 nisi
1316 415 1341 442 a

209 467 248 498 te
266 460 487 499 admonitus
517 473 651 498 essem.
682 460 951 508 Quamobrem
973 459 1046 498 iste
1075 466 1166 497 tuus
1193 458 1341 497 amicus

210 514 316 566 apud
345 528 410 554 me
429 527 507 553 non
527 522 614 566 eget
640 514 985 552 commendatione.
1017 513 1181 552 Utinam
1203 525 1248 551 ea
1265 512 1344 551 for-

209 575 306 607 tuna
335 569 557 621 reipublicae
583 568 645 615 sit,
677 576 722 606 ut
751 568 816 606 ine
838 581 903 606 me
933 580 1054 620 quam
1078 567 1343 619 gratissimum

209 623 329 675 possit
348 623 598 675 cognoscere!
632 622 708 661 Sed
726 623 809 661 haec
827 622 1026 661 hactenus.

265 678 327 715 Te
354 655 417 715 ade>
427 690 550 716 coenas
575 677 670 715 itare
699 676 855 724 desisse,
884 676 1044 715 moleste
1068 675 1161 714 fero.
1191 674 1345 727 Magna

210 731 316 770 enim
346 739 384 770 te
414 731 663 769 delectatione
694 738 731 769 et
763 731 960 782 voluptate
989 729 1161 782 privasti.
1191 728 1347 768 Deinde

210 786 327 824 etiam
358 798 489 824 vereor
522 786 629 838 (licet
659 785 763 824 enim
791 798 926 824 verum
950 784 1108 833 dicere),
1139 796 1190 822 ne
1221 784 1346 823 neseio

210 840 307 892 quid
338 839 451 887 illud,
491 839 598 891 quod
631 839 793 884 solebas,
825 839 1010 885 dediscas,
1049 847 1088 878 et
1125 837 1347 878 obliviscare

210 894 379 933 coenulas
390 894 525 932 facere.
558 894 667 932 Nam
686 894 718 932 si
730 904 829 941 tum,
843 907 934 932 cum
948 894 1133 942 habebas,
1147 893 1348 945 (1110811111-

210 956 346 997 tatere,
371 961 449 987 non
469 948 642 987 multum
661 947 899 1000 proficiebas,
927 947 1023 1000 quid
1043 960 1148 986 nunc
1166 955 1204 986 te
1221 946 1347 986 factu-

211 1016 301 1041 rum
337 1005 504 1055 putem?
535 1002 731 1055 Spurinna
763 1002 937 1055 quidem,
978 1015 1068 1041 cum
1100 1001 1136 1041 ei
1164 1014 1247 1040 rem
1279 1001 1348 1041 de·

210 1058 501 1104 monstrassem,
530 1065 568 1096 et
597 1057 717 1096 vitam
741 1065 851 1096 tuam
881 1056 1118 1108 superiorem
1147 1055 1346 1108 exposuis-

212 1125 308 1159 sem,
341 1124 531 1163 magnum
568 1111 785 1163 periculum
822 1124 988 1150 summae
1023 1111 1245 1162 reipublicae
1280 1110 1347 1150 de-

210 1168 465 1214 monstrabat,
486 1166 559 1205 nisi
575 1166 624 1204 ad
643 1166 878 1218 superiorem
897 1165 1214 1204 consuetudinem
1242 1171 1343 1211 tum,

211 1233 302 1259 cum
329 1221 524 1259 Favonius
548 1220 670 1267 flaret,
697 1221 938 1260 revertisses:
970 1219 1042 1259 hoc
1061 1227 1234 1272 tempore
1252 1219 1343 1259 ferri

211 1288 337 1328 posse,
359 1275 391 1314 si
409 1275 507 1314 forte
525 1282 569 1313 tu
589 1274 711 1327 frigus
731 1274 829 1314 ferre
848 1287 925 1313 non
943 1287 1083 1327 posses.

267 1329 357 1378 Sed,
385 1329 639 1379 (mehercule)
667 1329 724 1368 mi
747 1330 867 1376 Paete,
898 1336 1006 1368 extra
1023 1330 1172 1380 jocum,
1203 1341 1342 1368 moneo

213 1391 264 1432 te,
286 1383 409 1446 (quod
438 1384 627 1435 pertinere
646 1383 695 1422 ad
721 1386 830 1423 beate
859 1383 1067 1422 vivendum
1091 1383 1268 1428 arbitror)
1297 1391 1343 1422 ut

211 1451 303 1477 cum
318 1438 409 1477 viris
419 1438 544 1486 bonis,
557 1438 756 1488 jucundis,
769 1439 990 1477 amantibus
1005 1438 1077 1485 tur,
1086 1451 1205 1477 vivas
1227 1438 1268 1476 N
1270 1437 1342 1476 11111

211 1492 340 1544 aptius
367 1492 481 1538 vitae;
512 1493 610 1530 nihil
633 1492 682 1531 ad
704 1494 815 1532 beate
841 1492 1049 1532 vivendum
1075 1491 1341 1532 accommoda-

213 1547 302 1585 tius.
333 1547 375 1585 N
378 1559 418 1585 ec
437 1547 478 1585 id
508 1547 557 1585 ad
577 1547 815 1599 voluptatem
844 1547 981 1608 refero,
1002 1547 1070 1586 sed
1087 1547 1137 1585 ad
1166 1559 1342 1586 commu-

213 1601 375 1639 nitatem
405 1601 493 1640 vitae
521 1609 636 1653 atque
666 1602 800 1649 victus,
828 1601 1168 1654 remissionemque
1194 1601 1344 1640 animo-

214 1668 330 1701 rum;
361 1669 449 1707 quae
469 1655 641 1694 maxime
666 1669 841 1695 sermone
870 1656 1032 1695 efficitur
1052 1655 1248 1718 familiari,
1273 1656 1344 1708 qui

215 1718 271 1749 απ
300 1710 343 1748 111
372 1710 554 1749 conviviis
584 1710 855 1750 dulcissimus·
843 1740 856 1756 ‚
893 1719 938 1749 ut
970 1710 1178 1762 sapientius
1207 1711 1343 1760 nostri,

213 1777 335 1816 quam
368 1764 518 1802 Graec'i:
549 1764 607 1802 1111
641 1773 845 1812 §numo-m,
875 1772 942 1803 aut
969 1764 1170 1804 Συνὸειπνα.
1201 1764 1243 1803 id
1271 1772 1342 1814 δὲ,

217 1820 544 1869 Compotationes,
570 1827 637 1857 aut
671 1821 1014 1865 Coneoenationes;
1044 1831 1113 1857 nos
1135 1820 1343 1871 Convivia,

215 1873 322 1925 quod
342 1881 426 1911 tum
447 1874 619 1911 maxime
639 1873 756 1912 simul
775 1874 926 1912 vivitur.

273 1927 407 1974 Vides,
429 1936 473 1966 ut
492 1936 529 1966 te
549 1928 856 1980 philosophando
875 1941 1050 1966 revomi-e
1069 1941 1182 1967 coner
1204 1928 1253 1967 ad
1271 1943 1345 1969 coe-

214 1982 316 2020 nas?
346 1982 465 2029 Cura,
491 1989 535 2020 ut
565 1983 701 2020 valeas.
738 1981 786 2021 Id
813 1983 905 2022 foris
930 1982 1143 2021 coenitando
1165 1982 1347 2023 facillime

213 2038 461 2088 consequere.
500 2036 576 2075 Sed
601 2049 705 2083 cave,
736 2037 767 2075 si
793 2050 857 2076 me
883 2049 1003 2084 amas,
1033 2037 1244 2083 existimes,
1267 2052 1346 2087 me,

217 2090 324 2141 quod
350 2091 517 2139 jocosius
544 2091 721 2135 scribam,
750 2091 930 2141 abjecisse
953 2104 1087 2130 curam
1113 2092 1346 2142 reipublicae.

219 2145 283 2183 Sic
311 2145 396 2190 tibi,
429 2145 484 2183 mi
509 2146 629 2191 Paete,
659 2146 859 2197 persuade,
880 2159 950 2184 mev
972 2145 1052 2184 dies
1080 2152 1119 2184 et
1140 2153 1269 2185 noctes
1287 2147 1349 2185 ni-

219 2199 276 2236 hil
296 2199 403 2237 aliud
421 2213 546 2250 agere,
572 2199 669 2238 nihil
688 2213 834 2248 curare,
858 2200 931 2238 nisi
954 2208 999 2238 ut
1026 2200 1104 2238 mei
1128 2200 1229 2239 cives
1252 2201 1348 2240 salvi

221 2253 409 2305 liberique
429 2255 516 2292 sint.
549 2255 716 2292 Nullum
736 2255 865 2293 locum
885 2254 1134 2306 praetermitto
1152 2255 1352 2302 monendi,
