1501 2407
207 67 282 107 122
425 67 511 106 AD
539 65 840 108 DIVERSOS.
870 66 972 106 1213.
991 66 1044 106 V.
1073 67 1112 105 8.

204 176 260 225 13,
280 190 369 229 quae
386 177 659 227 intercesserat,
685 176 894 241 simultate,
920 175 1131 216 amicitiam
1154 190 1180 217 a
1202 177 1331 232 primo

202 231 245 268 in
277 231 441 270 forum
430 245 604 294 ingressu
629 232 780 294 repetit,
806 233 917 282 cujus
941 232 1194 271 constantiam

205 293 325 332 cetur,
346 286 454 334 adeo,
474 294 533 333 ut,
561 286 767 336 interjectis
792 286 989 325 nonnullis
1013 286 1062 325 de
1079 286 1168 326 filiis
1187 287 1331 337 Crassi,

211 339 281 379 has
304 340 434 380 literas
448 341 599 380 foederis
617 341 698 379 vim
715 341 914 381 habituras
931 353 1012 380 esse
1030 341 1209 391 sanciat.)

211 505 273 543 vel
296 504 464 552 tuendae,
493 506 555 543 vel
582 504 699 543 etiam
726 505 927 556 augendae,
955 516 1035 543 non
1062 505 1198 544 dubito
1237 507 1335 559 q'uin

207 559 259 598 ad
275 566 314 598 te
331 572 465 598 omnes
483 560 541 598 tui
559 559 789 611 scripserint·
815 559 909 598 Non
931 559 1035 597 enim
1059 559 1136 598 fuit
1160 567 1229 600 aut
1252 574 1337 600 me-

209 613 335 652 diocre
365 622 433 652 aut
465 615 685 661 obscurum,
719 621 787 652 aut
820 613 1024 663 ejusmodi,
1054 613 1160 665 quod
1186 614 1338 655 silentio

208 676 335 720 posset
360 668 557 720 praeteriri.
598 669 706 706 Nam
734 675 771 706 et
798 681 889 706 cum
916 667 1150 716 oonsulibus,
1179 676 1218 708 et
1246 682 1338 711 mm

210 722 347 761 multis
382 722 660 770 consularibus,
704 721 812 760 tanta
852 721 1094 761 contentione
1133 722 1336 770 decertavi,

211 776 359 830 quanta
385 789 589 829 nunquam
617 784 729 814 antea
756 776 840 814 ulla
865 776 907 813 in
935 776 1076 823 causa;
1114 778 1340 839 suscepique

211 831 309 870 mihi
333 841 561 892 perpetuam
592 830 941 892 propugnationem
968 843 1040 882 pro
1071 831 1252 872 omnibus
1279 845 1342 872 or-

211 884 404 924 namentis
431 885 535 923 tuis:
569 885 763 937 veterique
784 893 924 924 nostrae
945 884 1215 924 necessitudini
1238 887 1342 937 jam.

212 940 280 979 diu
309 939 498 987 debitum,
530 939 597 978 sed
618 940 746 978 multa
771 939 952 978 varietate
976 946 1199 991 temporum
1222 940 1341 980 inter-

214 1002 391 1046 ruptum,
405 969 575 1032 officium
594 994 789 1032 cumulate
807 993 967 1032 reddidi.
1012 993 1156 1046 Neque
1174 995 1342 1038 (meher-

214 1050 318 1097 cule)
336 1061 510 1100 unquam
538 1048 636 1087 mihi
661 1048 720 1086 tui
738 1055 807 1086 aut
831 1047 979 1087 colendi
1001 1055 1070 1086 aut
1096 1049 1258 1088 ornandi
1276 1063 1344 1090 vo-

214 1105 344 1142 luntas
362 1102 512 1141 defuit:
542 1102 609 1142 sed
627 1102 808 1155 quaedam
832 1110 957 1155 pestes
980 1101 1202 1152 hominum,
1227 1103 1345 1144 laude

216 1158 343 1197 aliena
370 1157 600 1205 dolentium,
627 1164 665 1195 et
692 1164 729 1195 te
751 1169 1035 1209 nonnunquam
1061 1170 1086 1195 a
1111 1170 1177 1196 me
1203 1158 1349 1198 aliena-

218 1220 323 1261 runt,
344 1220 382 1251 et
407 1225 470 1250 me
495 1211 703 1264 aliquando
727 1211 989 1250 immutarunt
1012 1211 1095 1250 tibi.
1134 1211 1211 1250 Sed
1230 1213 1349 1252 exsti-

218 1267 266 1306 111
283 1274 451 1319 tempus,
471 1274 648 1319 optatum
666 1265 764 1304 mihi
781 1266 906 1317 magis
924 1279 1044 1328 quarn
1058 1273 1268 1317 speratum,
1289 1276 1348 1317 ut,

218 1321 493 1360 florentissimis
516 1321 592 1360 tuis
619 1322 748 1368 rebus,
768 1333 856 1359 mea
873 1320 1043 1382 perspici
1066 1328 1195 1372 posset
1212 1329 1250 1360 et
1267 1334 1352 1362 Ine-

218 1376 341 1414 moria
359 1389 428 1414 nos
430 1384 498 1414 trae
512 1375 733 1423 voluntatis,
750 1382 787 1413 et
805 1374 984 1413 amicitiae
997 1373 1102 1413 fides.
1133 1375 1232 1414 Sum
1247 1376 1350 1415 enim

219 1438 456 1477 consecutus,
487 1442 565 1468 non
595 1429 712 1468 modo
743 1437 788 1467 ut
817 1428 957 1468 domus
984 1436 1053 1467 tua
1085 1435 1180 1478 tota,
1210 1429 1278 1469 sed
1306 1440 1352 1472 ut

220 1493 359 1523 cuncta
376 1484 521 1533 0111133,
541 1497 605 1523 me
625 1483 694 1522 tibi
709 1483 988 1522 amicissimum
1000 1495 1080 1522 3333
1097 1493 1352 1536 cognosceret.

278 1538 416 1591 Itaque
456 1546 493 1578 et
532 1538 848 1603 praestantissima
881 1537 1059 1576 omnium
1101 1537 1351 1588 feminarum,

223 1606 323 1632 uxor
341 1601 422 1641 tua,
439 1601 477 1632 et
495 1592 638 1632 eximia
655 1593 811 1654 pietate,
831 1591 988 1638 virtute,
1008 1591 1146 1644 813113,
1167 1592 1226 1631 1111
1237 1592 1353 1633 Cras·

223 1648 270 1694 51,
307 1647 404 1686 111313
443 1647 623 1695 0011511113,
661 1647 832 1695 1110111113,
870 1646 1020 1694 studiis,
1063 1646 1357 1700 actionibusque

224 1702 429 1740 nituntur·
471 1710 509 1740 et
539 1708 694 1740 senatus
728 1701 974 1753 populusque
1008 1701 1214 1740 Romanus
1240 1702 1357 1743 intel·

226 1756 327 1808 11811,
353 1756 423 1794 11111
447 1757 596 1795 absenti
614 1756 713 1794 nihil
731 1769 810 1795 esse
837 1762 918 1794 tam
943 1763 1143 1807 promtum
1175 1763 1244 1795 aut
1273 1764 1356 1802 tam

227 1818 423 1872 paratum,
444 1823 578 1863 quam,
598 1811 640 1849 in
666 1810 847 1849 omnibus
871 1811 986 1849 rebus
1014 1821 1104 1861 quae
1131 1809 1182 1848 ad
1206 1817 1245 1850 te
1270 1824 1358 1864 per.

228 1865 390 1914 tineant,
422 1878 593 1917 operam,
622 1878 769 1914 curam,
802 1863 1058 1916 diligentiam,
1092 1865 1360 1906 auctoritatem

229 1932 372 1958 moem.
411 1920 514 1967 Quae
533 1920 609 1958 sint
627 1927 724 1968 3013,
745 1932 910 1972 quaeque
934 1925 1113 1981 agantur?
1133 1918 1360 1960 domestico-

229 1986 319 2012 rum
331 1973 401 2012 tibi
418 1974 538 2013 literis
563 1974 746 2012 declarari
764 1981 872 2025 puto.
908 1972 972 2012 De
995 1985 1061 2012 me
1079 1973 1133 2011 310
1151 1973 1360 2025 existimes,

230 2041 276 2067 ac
294 2027 366 2067 tibi
382 2027 624 2080 persuadens,
637 2029 881 2067 vehementer
899 2027 1031 2076 velim,
1046 2039 1125 2066 non
1142 2040 1208 2067 me
1224 2041 1364 2082 repen-

230 2082 313 2121 tina
341 2083 473 2135 aliqua
490 2083 702 2131 voluntate,
723 2090 791 2121 aut
814 2081 987 2131 fortuito,
1007 2081 1058 2120 ad
1081 2089 1192 2120 tuam
1219 2084 1364 2136 ampli.

230 2136 407 2176 tudinem
435 2137 532 2178 meis
553 2136 687 2177 officiis
713 2135 1022 2189 amplectendam
1040 2135 1242 2176 incidisse.
1277 2138 1359 2188 sed,

230 2198 276 2232 ut
306 2191 478 2244 primum
508 2191 637 2234 forum
667 2191 876 2245 attigerim,
903 2190 1095 2245 ⁸P00¹³⁵⁵e
1118 2203 1285 2246 semper,
1315 2201 1361 2235 ut
