1501 2407
365 112 450 152 AD
478 111 780 153 DIVERSOS.
811 112 913 152 1213.
935 112 987 152 V.
1017 115 1056 151 6.
1197 111 1274 150 119

145 221 256 260 beat·
286 221 419 260 omnia
448 222 553 262 enim
583 236 607 261 a
639 235 703 262 me
732 223 774 261 in
796 229 836 261 te
863 222 1035 275 profecta
1056 227 1161 269 sunt,
1192 232 1282 272 quae

143 275 193 314 ad
211 283 326 315 tuum
344 277 608 325 commodum,
625 291 714 329 quae
733 277 782 316 ad
800 277 1002 325 honorem,
1019 290 1107 328 quae
1126 275 1176 314 ad
1194 274 1282 326 dig-

146 329 323 379 nitatem,
343 331 593 394 pertinerent.
622 332 730 371 Pro
719 332 766 371 ris
784 333 899 371 rebus
917 332 1069 370 nullam
1087 329 1186 368 mihi
1215 330 1283 367 abs

145 391 184 423 te
210 386 372 425 relatam
398 399 478 425 esse
497 386 677 438 gratiam,
705 395 750 426 tu
776 400 815 425 es
834 386 1004 439 optimus
1026 385 1160 424 testis:
1191 396 1282 423 con-

145 446 205 478 tra
234 440 350 480 etiam
377 454 457 480 esse
486 441 635 503 aliquid
660 443 728 480 abs
757 449 796 480 te
817 441 1048 493 profectum,
1077 453 1125 479 ex
1147 437 1283 478 multis

144 494 298 534 audivi.
330 508 424 534 nam
452 495 684 548 comperisse
713 509 778 535 me
802 509 881 535 non
912 495 1035 534 audeo
1067 494 1206 542 dicere,
1232 505 1283 531 ne

144 548 242 588 forte
264 549 306 589 id
334 550 375 602 ip
378 563 465 589 sum
491 552 655 589 verbum
684 563 845 602 ponam,
876 550 983 603 quod
1010 552 1079 589 abs
1108 557 1147 588 te
1172 549 1282 587 aiunt

144 603 272 643 falso
261 617 301 643 m
320 618 385 644 me
404 606 523 645 solere
542 605 716 645 conferri.
756 605 832 645 Sed
854 618 913 653 ea,
940 618 1030 658 quae
1052 604 1102 643 ad
1126 617 1191 642 me
1216 603 1283 641 de-

144 658 223 698 lata
245 667 350 708 sunt,
365 660 471 699 malo
490 667 528 699 te
547 673 595 699 ex
615 660 834 713 Pomponio
853 660 933 703 (cui
951 672 1029 698 non
1048 659 1179 697 minus
1198 670 1283 696 mo-

146 714 242 753 lesta
259 714 450 763 fuerunt),
471 727 592 767 quam
612 728 660 754 ex
679 715 776 754 meis
795 715 929 763 literis,
951 727 1187 766 cognoscere.

200 769 320 808 Meus
339 769 380 807 in
399 778 437 808 te
460 770 616 808 animus
637 783 759 822 quam
785 769 973 822 singulari
998 768 1122 808 officio
1146 768 1280 816 fuerit,

145 830 183 862 et
203 831 371 872 senatus,
392 832 430 863 et
447 825 617 877 populus
637 825 842 864 Romanus
860 824 967 863 testis
986 831 1066 863 est:
1097 830 1142 862 tu
1161 836 1283 876 quam

146 887 278 929 gratus
298 892 389 931 erga
406 886 476 918 me*
489 879 621 926 fueris,
640 879 724 931 ipse
749 878 970 919 existimare
991 886 1126 930 potes:
1158 891 1285 930 quan-

147 941 232 972 tum
255 933 353 972 mihi
381 934 534 982 debeas,
562 934 688 973 caeteri
711 933 945 973 existimant.
975 933 1064 985 Ego
1094 947 1183 985 quae
1212 933 1283 971 tua

146 988 264 1027 causa
282 995 396 1027 antea
413 988 500 1036 feci,
521 989 721 1028 voluntate
739 1001 829 1027 sum
847 988 1050 1037 adductus,
1071 995 1283 1051 posteaque

145 1043 371 1082 constantia.
415 1043 491 1083 Sed
521 1043 670 1106 reliqua
702 1044 818 1088 (mihi
844 1043 971 1104 crede)
997 1044 1124 1081 multo
1154 1044 1283 1093 majus

145 1110 281 1136 meum
315 1097 504 1147 studium,
536 1099 803 1151 majoremque
839 1097 1068 1150 gravitatem
1101 1104 1139 1136 et
1174 1097 1283 1136 labo-

146 1166 243 1201 rem,
264 1152 491 1192 desiderant.
523 1152 626 1201 Quae
645 1166 714 1205 ego
734 1153 767 1191 si
785 1165 862 1191 non
881 1151 1114 1205 profundere
1133 1164 1177 1190 ac
1195 1165 1285 1204 per-

145 1207 235 1246 dere
262 1207 433 1254 videbor,
460 1208 642 1246 omnibus
674 1208 771 1246 meis
799 1207 945 1246 viribus
968 1207 1176 1246 sustinebo.
1212 1207 1282 1246 Sin

145 1272 277 1300 autem
310 1262 462 1313 ingrata
497 1275 578 1301 esse
615 1262 792 1310 sentiam,
835 1274 914 1300 non
939 1261 1198 1310 committam,
1239 1269 1283 1300 ut

145 1316 216 1355 tibi
245 1317 327 1368 ipse
358 1316 526 1356 insanire
556 1316 697 1355 videar.
749 1317 812 1355 Ea
843 1331 932 1369 quae
961 1316 1051 1365 sint,
1082 1324 1119 1354 et
1152 1317 1284 1378 cujus-

145 1370 267 1418 modi,
298 1371 442 1423 poteris
468 1385 516 1410 ex
546 1371 765 1433 Pomponio
791 1384 1026 1423 cognoscere.
1061 1370 1234 1423 Atque
1224 1384 1286 1423 rp-

144 1439 234 1464 sum
254 1425 325 1464 tibi
345 1426 638 1478 Pomponium
629 1436 683 1465 1ta
702 1426 945 1475 commendo,
958 1432 1018 1475 ut,
1039 1438 1281 1478 quamquam

143 1480 265 1533 ipsius
283 1494 401 1520 causa
419 1481 570 1520 confido
598 1488 637 1520 te
663 1481 857 1520 facturum
877 1494 958 1520 esse
977 1480 1123 1529 omnia,
1150 1488 1282 1520 tamen

143 1537 213 1574 abs
245 1543 283 1575 te
311 1535 385 1574 hoc
415 1544 561 1588 petam,
588 1543 647 1585 ut,
669 1536 701 1574 si
727 1536 823 1589 quid
849 1536 891 1574 in
918 1543 956 1574 te
975 1534 1115 1574 residet
1141 1535 1285 1574 amoris

145 1603 236 1642 erga
267 1603 345 1638 me,
376 1590 417 1628 id
449 1604 566 1630 omne
593 1590 635 1629 in
669 1590 879 1644 Pomponii
908 1590 1062 1642 negotio
1092 1590 1284 1629 ostendas.

147 1645 238 1684 Hoc
255 1645 355 1684 mihi
373 1645 472 1684 nihil
490 1645 638 1698 gratius
656 1645 780 1685 facere
798 1654 918 1699 potes.
949 1646 1062 1685 Vale.

146 1754 231 1803 (6.)
260 1753 323 1793 M.
340 1754 386 1794 C.
402 1755 443 1795 S.
460 1754 514 1794 D.
539 1756 588 1795 P.
616 1754 850 1851 ἒξὶὸἒΙΙΟ,
874 1755 924 1794 L.
935 1755 982 1794 F.
1004 1753 1283 1803 PROQUAE.

199 1919 531 1970 (Argumentum.
541 1920 763 1970 ——Narrat,
793 1932 929 1981 quam
937 1918 1169 1959 adhibuerat
1196 1918 1286 1958 dili-

145 1974 332 2025 gentiam,
362 1987 411 2014 ne
438 1975 486 2014 P.
520 1975 652 2014 Sextio
679 1973 933 2028 proquaestori
968 1974 1014 2013 C.
1048 1973 1216 2013 Antonii
1243 1974 1286 2012 in

145 2027 381 2068 Macedonia
398 2029 673 2069 succederetur.
702 2030 832 2069 Addit
850 2029 898 2068 de
918 2042 990 2068 sua
1009 2029 1192 2076 emtione,
1205 2041 1284 2068 non

148 2083 230 2123 sine
240 2085 354 2135 joco3
385 2090 423 2124 et
440 2083 490 2124 de
507 2084 631 2125 Sextii
649 2084 930 2133 aedificatione.)

201 2193 307 2233 Cum
325 2193 375 2233 ad
393 2207 458 2233 me
478 2193 638 2243 Decius,
658 2194 852 2243 librarius,
873 2194 1051 2243 venisset,
1073 2193 1288 2246 egissetque

144 2260 315 2299 mecum,
335 2255 380 2288 ut
398 2261 555 2302 operam
583 2249 730 2300 darem,
760 2263 810 2290 ne
828 2249 899 2290 tibi
917 2249 991 2290 hoc
1009 2256 1182 2301 tempore
1202 2261 1290 2287 succ
