1501 2407
288 96 372 135 AD
401 96 700 138 DIVERSOS.
730 97 830 136 Lm.
861 96 987 136 V111.
1017 98 1055 135 8.
1151 96 1230 139 227

111 213 266 256 quoque
282 203 539 256 interponam,
552 213 591 245 et
607 206 716 244 illam
730 205 905 244 fabulam
919 216 1085 252 narrem,
1097 216 1234 257 quem-

110 257 322 297 admodum
335 259 407 298 tibi
424 273 494 311 pro
508 260 691 299 beneficio
709 259 869 308 dederit,
893 258 952 309 [si
970 259 1065 311 quid
1082 258 1234 308 injuriis

109 311 188 351 suis
206 320 316 361 esset,
333 321 378 352 ut
396 314 596 353 Vestorius
611 316 835 366 teneretur.]

165 366 264 406 Haee
282 380 437 420 quoque
466 381 609 420 magna
637 381 741 407 nunc
759 368 951 407 contentio
969 368 1098 405 forum
1117 373 1232 405 tenet.

109 419 173 458 M.
194 421 390 470 Servilius,
410 429 631 474 postquam,
656 431 701 461 ut
719 430 897 474 coeperat,
918 421 1098 460 omnibus
1116 421 1157 458 in
1175 434 1234 459 re-

108 475 182 513 bus
200 475 389 524 turbarat,
405 489 489 524 nec,
510 477 615 528 quod
634 489 712 515 non
731 477 925 524 venderet,
942 476 1156 527 quidquam
1176 488 1235 513 re-

107 528 298 580 liquerat;
323 530 576 582 maximeque
603 531 714 570 nobis
742 531 904 569 traditus
937 538 1017 569 erat
1052 529 1231 574 invidiae;

107 594 234 634 neque
248 584 466 624 Laterensis
484 592 636 637 praetor,
656 585 874 637 postulante
894 583 1103 632 Pausania,
1124 583 1235 622 nobis

107 638 292 688 patronis,
325 641 353 661 ‘⁵
370 638 462 686 Quo
492 653 537 678 ea
568 640 731 692 pecunia
762 638 1036 690 pervenisset,”
1070 637 1236 689 recipere

109 691 242 730 voluit.
272 692 391 741 Quod
410 693 549 741 Pilius,
570 693 799 732 necessarius
817 693 942 731 Attici
960 691 1093 739 nostri,
1114 691 1162 730 de
1176 704 1235 729 re-

108 747 288 797 petundis
307 760 398 786 eum
417 748 639 799 postulavit,
654 760 796 798 magna
808 748 909 786 illico
924 747 1028 785 fama
1047 745 1232 792 surrexit3

109 808 147 838 et
164 800 212 839 de
230 801 475 841 damnatione
504 802 692 840 ferventer
721 802 828 853 loqui
858 808 913 840 est
932 809 1111 852 coeptum.
1141 800 1234 848 Quo

108 862 223 893 vento
240 856 439 907 projicitur
456 856 614 908 Appius
632 856 772 903 minor,
792 863 837 894 ut
854 855 1008 904 indicet,
1028 855 1234 906 pecuniam

109 920 158 946 ex
176 910 286 948 bonis
304 910 422 962 patris
436 911 648 962 pervenisse
660 911 709 948 ad
721 910 941 955 Servilium,
956 909 1235 960 praevaricatio-

108 962 245 1014 nisque
264 965 378 1003 causa
397 965 536 1004 diceret
554 965 771 1016 depositum
792 965 864 1003 HS
884 963 1086 1002 LXXXI.

161 1017 381 1057 Admiraris
399 1019 620 1058 amentiam.
664 1019 787 1067 Quid,
815 1019 846 1057 si
871 1019 1035 1057 actiones
1055 1016 1235 1055 stultissi-

107 1083 208 1120 mas,
221 1073 330 1124 quid,
347 1073 379 1112 si
389 1074 552 1112 nefarias
568 1073 615 1111 de
629 1080 736 1125 patre
751 1072 1015 1120 confessiones,
1033 1071 1202 1110 audisses
1213 1071 1233 1108 ἲ

109 1125 238 1164 Mittit
255 1127 297 1165 in
316 1127 518 1166 consilium
541 1127 693 1166 eosdem
723 1128 824 1175 illos,
851 1127 920 1178 qui
949 1126 1034 1164 lites
1067 1123 1232 1164 aestimz‘i-

108 1186 210 1228 rant,
226 1181 385 1231 judices.
416 1182 518 1221 Cum
534 1195 644 1234 aequo
663 1194 825 1220 numero
840 1181 1035 1219 sententiae
1054 1179 1230 1227 fuissent,

108 1235 340 1283 Laterensis,
366 1236 469 1287 leges
495 1236 688 1287 ignorans,
718 1234 994 1287 pronuntiavit,
1024 1234 1129 1285 quod
1157 1233 1234 1272 sin-

107 1289 192 1340 guli
211 1289 359 1328 ordines
375 1290 632 1340 judicassent:
665 1297 701 1329 et
720 1290 770 1328 ad
784 1298 1016 1337 extremum,
1036 1295 1081 1326 ut
1095 1288 1231 1337 solent,

110 1346 139 1366 ‘⁶
154 1343 247 1382 Non
267 1344 481 1396 redigam.’'

164 1398 378 1450 Postquam
404 1399 586 1446 discessit,
618 1407 655 1438 et
680 1412 751 1451 pro
770 1398 944 1437 absoluto
963 1396 1146 1436 Servilius
1164 1395 1235 1434 ha-

105 1452 190 1491 beri
208 1460 365 1504 coeptus,
385 1454 556 1505 legisque
574 1466 699 1491 unum
719 1461 755 1491 et
770 1452 1022 1492 centesimum
1042 1458 1158 1502 caput
1179 1450 1235 1489 le-

105 1507 178 1558 git,
187 1506 228 1544 in
240 1521 318 1559 quo
329 1507 383 1545 ita
394 1515 486 1557 erat,
510 1510 538 1530 ‘4
549 1507 667 1556 Quod
679 1520 811 1546 eorum
821 1507 997 1557 judicum
1009 1507 1133 1555 major
1146 1518 1235 1556 pars

104 1561 303 1611 judicarit,
322 1562 363 1600 id
378 1563 443 1612 jus
461 1569 667 1613 ratumque
686 1570 764 1600 esto
778 1562 820 1607 ;''
849 1562 890 1599 in
909 1560 1060 1599 tabulas
1079 1560 1233 1598 absolu-

108 1622 195 1653 tum
214 1629 291 1654 non
310 1617 461 1662 retulit3
482 1616 662 1654 ordinum
674 1615 819 1666 judicia
831 1614 1060 1667 perscripsit.
1091 1614 1234 1652 Postu-

107 1669 212 1708 lante
241 1683 372 1709 rursus
395 1670 544 1723 Appio,
572 1683 662 1709 cum
681 1671 730 1708 L.
752 1670 880 1708 Lollio
907 1668 1105 1719 transegit,
1138 1675 1176 1707 et
1193 1680 1234 1706 se

109 1724 323 1763 relaturum
341 1725 451 1763 dixit.

164 1778 227 1817 Sic
245 1791 362 1827 nunc,
382 1791 508 1831 neque
525 1779 722 1818 absolutus
739 1791 865 1830 neque
883 1777 1088 1816 damnatus
1107 1776 1233 1816 Servi-

105 1832 183 1870 lius
201 1833 249 1871 de
267 1833 500 1885 repetundis,
523 1834 674 1872 saucius
701 1833 803 1871 Pilio
823 1832 1003 1871 tradetur.
1047 1832 1155 1869 Nam
1184 1830 1233 1868 de

109 1887 342 1926 divinatione
369 1887 540 1940 Appius,
570 1901 659 1926 cum
682 1887 918 1926 calumniam
939 1885 1120 1936 jurasset,
1143 1897 1233 1923 con-

109 1942 264 1980 tendere
291 1955 408 1981 ausus
435 1954 514 1981 non
544 1949 624 1988 est3
655 1942 833 1994 Pilioque
860 1941 991 1979 cessit:
1024 1946 1061 1978 et
1084 1939 1166 1991 ipse
1184 1938 1233 1976 de

109 1996 282 2046 pecuniis
300 1996 519 2047 repetundis
530 2009 553 2034 a
565 1995 733 2035 Serviliis
747 2003 803 2034 est
820 1995 1037 2047 postulatus
1052 2007 1064 2040 ς
1087 2001 1124 2031 et
1135 2006 1232 2044 prae-

109 2057 212 2088 terea
230 2050 277 2088 de
296 2050 335 2088 vi
349 2063 436 2088 reus
450 2064 474 2089 a
489 2050 658 2102 quodam
669 2050 863 2103 emissario
875 2062 958 2098 suo,
975 2047 1096 2097 Titio,
1108 2047 1232 2086 factus

110 2111 178 2142 est.
208 2104 329 2143 Recte
345 2105 418 2143 hoc
434 2118 505 2156 par
522 2104 650 2145 habet.

164 2156 283 2205 Quod
313 2158 363 2196 ad
390 2158 670 2210 rempublimm
701 2157 879 2210 pertinet,
910 2157 1068 2196 omnino
1099 2153 1234 2193 multis

108 2210 257 2259 diebus,
292 2213 572 2265 exspectatione
606 2212 838 2262 Gaffiannn,
872 2218 1002 2252 actum
1030 2209 1128 2249 nihil
1160 2215 1227 2247 δῖ-
