1501 2407
261 105 338 146 124
476 106 560 146 AD
589 106 887 147 DIVERSOS.
919 106 1019 146 Lm.
1041 106 1093 146 V.
1116 109 1162 147 9.

253 215 434 274 omnibus
456 216 642 264 minimis,
668 216 865 278 maximis,
891 215 1223 267 mediocribusque
1250 215 1379 264 rebus,

252 263 299 309 ut'
316 269 366 308 ad
383 270 581 309 hominem
607 271 908 316 amicissimum;
939 277 977 309 et
999 270 1075 309 tuis
1099 268 1313 322 praecipias,
1333 275 1380 307 ut

251 338 381 376 opera,
408 325 579 372 consilio,
606 324 842 373 auctoritate,
870 324 994 376 gratia
1015 323 1118 372 mea,
1142 323 1196 362 sic
1219 330 1381 362 utantur

250 379 292 417 in
316 378 509 426 omnibus,
536 379 715 430 publicis,
742 379 914 430 privatis,
941 378 1170 426 forensibus,
1197 377 1381 416 domesti-

250 433 317 481 cis,
352 433 442 479 tuis,
477 434 703 480 amicorum,
738 433 949 485 hospitum,
980 433 1178 471 clientium
1206 439 1378 480 tuorum,

251 487 414 538 negotiis
430 501 442 534 ς
472 496 517 525 ut
543 488 691 540 (quoad
710 489 791 537 ejus
811 488 893 526 fieri
911 485 1049 539 possit)
1069 485 1281 539 praesentiae
1299 493 1378 525 tuae

251 541 482 581 desiderium
500 555 587 581 meo
605 543 734 582 labore
752 541 962 580 minuatur.
992 541 1104 582 Vale.

252 709 333 757 (9.)
359 707 661 759 VATINIUS,
683 709 806 747 IMP.
828 708 1111 749 CICERONI
1131 706 1241 748 SUO
1262 707 1303 746 S.
1320 704 1374 744 D.

309 817 760 867 (Argumentum—P.
792 817 988 865 Vatinius,
1018 830 1066 856 ex
1093 816 1294 856 consulatu
1321 814 1379 853 11-

253 871 363 921 lyrici
381 879 501 910 rector
526 886 549 910 a
568 873 718 911 Caesare
740 873 923 911 dictatore
941 871 1184 917 constitutus,
1205 869 1381 909 Ciceroni

252 925 479 976 dignitatem
499 940 610 965 suam
621 934 753 965 contra
766 928 972 965 malevolos
984 924 1263 964 defendendam
1278 936 1384 963 com-

251 979 420 1018 mendat.
456 981 606 1032 Scripta
625 981 773 1020 Caesare
793 980 856 1020 IV
875 981 1030 1020 consule
1049 980 1130 1019 sine
1148 978 1326 1030 collega.)
1372 1009 1374 1011 .

306 1090 345 1128 S.
367 1089 418 1127 V.
439 1089 489 1127 B.
511 1089 559 1127 E.
581 1089 631 1128 E.
653 1090 704 1129 V.
736 1091 778 1129 Si
797 1098 905 1129 tuam
917 1088 1233 1130 consuetudinem
1249 1087 1292 1126 in
1310 1101 1380 1140 pa-

250 1143 418 1182 trociniis
448 1144 599 1182 tuendis
626 1158 764 1191 servas,
791 1146 836 1183 P.
859 1145 1040 1185 Vatinius
1065 1143 1182 1182 cliens
1209 1142 1377 1191 advenit,

250 1197 319 1248 qui
330 1211 407 1259 ‘pro
427 1211 464 1236 se
483 1211 639 1237 causam
659 1199 775 1237 dicier
794 1200 888 1238 vult.
928 1200 1022 1238 Non
1048 1196 1179 1260 (puto)
1199 1195 1378 1248 repudia-

248 1251 368 1290 bisin
386 1252 543 1299 honore,
575 1266 692 1304 quem
718 1253 759 1291 in
783 1254 954 1306 periculo
971 1251 1166 1316 recepisti.
1200 1251 1289 1303 Ego
1307 1263 1378 1289 au-

249 1312 343 1353 tem,
369 1320 486 1358 quem
515 1308 642 1358 potius
673 1307 852 1369 adoptem
878 1315 945 1346 aut
969 1307 1158 1356 invocem,
1185 1318 1305 1358 quam
1329 1304 1379 1343 il-

248 1360 347 1421 lum,
369 1374 447 1412 quo
466 1361 706 1409 defendente,
720 1363 869 1401 vincere
887 1361 1003 1401 didici
1015 1361 1033 1398 Ρ
1062 1361 1131 1399 An
1150 1373 1293 1408 verear,
1313 1372 1378 1408 ne,

247 1414 317 1465 qui
344 1416 697 1466 potentissimorum
724 1416 926 1455 hominum
948 1415 1267 1467 conspirationem
1285 1425 1381 1465 neg-

247 1468 385 1507 lexerit
406 1482 475 1521 pro
505 1483 593 1508 mea
621 1471 756 1518 salute,
785 1471 832 1519 is,
866 1485 935 1523 pro
958 1471 1102 1509 honore
1125 1482 1227 1517 meo,
1252 1468 1378 1520 pusil-

244 1522 373 1561 lorum
396 1537 439 1562 ac
452 1524 731 1563 malevolorum
747 1525 1038 1564 obtrectationes
1061 1532 1099 1563 et
1115 1523 1278 1562 invidias
1296 1535 1376 1561 non

243 1585 459 1627 prosternat
484 1585 601 1631 atque
620 1581 797 1618 obterat?
828 1579 976 1628 Quare,
997 1579 1030 1617 si
1047 1590 1124 1627 me,
1146 1578 1243 1617 sicut
1261 1577 1374 1626 solae,

243 1643 365 1679 amas,
391 1633 540 1684 suscipe
563 1646 626 1671 me
653 1641 804 1672 totum.
836 1642 952 1686 atque
981 1633 1068 1681 hoc,
1098 1631 1290 1684 quidquid
1316 1638 1373 1670 est

242 1686 366 1724 oneris
390 1699 434 1724 ac
459 1688 644 1735 muneris,
665 1701 735 1740 pro
761 1688 850 1727 mea
875 1688 1062 1741 dignitate
1087 1687 1158 1726 tibi
1182 1685 1373 1725 tuendum

244 1740 573 1779 acsustinendum
594 1749 701 1794 puta.

298 1794 393 1843 Scis,
413 1807 543 1834 meam
561 1796 772 1845 fortunam,
793 1797 919 1836 nescio
938 1795 1147 1849 quomodo,
1173 1795 1285 1835 facile
1301 1795 1372 1834 ob-

241 1855 458 1888 trectatores
486 1850 670 1899 invenire,
695 1863 773 1889 non
801 1864 889 1890 meo
914 1850 1073 1913 quidem
1100 1849 1371 1898 (mehercules)

240 1903 402 1941 merito.
435 1904 514 1951 sed,
549 1905 686 1956 quanti
707 1905 748 1943 id
772 1905 901 1954 refert,
926 1906 958 1944 si
985 1912 1117 1944 tamen
1143 1905 1224 1943 fato
1244 1903 1372 1943 nescio

241 1970 319 2008 quo
345 1957 512 1997 accidit?
551 1959 593 1998 Si
621 1960 707 2011 quis
726 1960 823 1998 forte
841 1959 971 2007 fuerit,
999 1959 1068 2012 qui
1086 1967 1226 1998 nostrae
1244 1957 1372 2009 digni-

240 2011 312 2049 tati
331 2013 419 2050 obes
404 2025 460 2050 se
479 2013 584 2061 velit,
612 2022 700 2064 peto
723 2028 746 2052 a
771 2022 822 2061 te,
850 2022 896 2053 ut
914 2022 1023 2053 tuam
1052 2012 1370 2052 consuetudinem

241 2072 279 2103 et
296 2065 606 2116 liberalitatem,
595 2080 637 2105 111
651 2080 715 2107 me
728 2070 884 2108 absente
897 2067 1260 2118 defendend07mihi
1270 2080 1372 2120 prae-

241 2126 330 2158 Stes.

295 2174 446 2213 Literas
479 2175 529 2214 ad
559 2184 736 2216 senatum
764 2177 812 2216 de
837 2178 950 2216 rebus
973 2177 1111 2216 nostris
1133 2176 1261 2230 gestis,
1291 2188 1370 2229 quo

240 2229 418 2281 exemplo
436 2229 631 2281 miseram,
653 2231 755 2271 infra
774 2232 844 2272 tibi
863 2231 1078 2284 perscripsi.
