1481 2422
320 121 404 162 AD
432 122 731 164 DIVERSOS.
761 124 861 163 LIB.
891 123 993 163 XII.
1028 126 1089 164 16.
1185 125 1262 163 381

144 230 276 280 visere,
296 243 374 271 non
392 231 509 272 modo
536 232 735 281 invitatus,
765 233 832 272 sed
861 233 977 272 etiam
995 239 1151 285 rogatus
1169 239 1225 271 est
1243 247 1267 272 a

141 297 220 334 me,
240 294 285 326 ut
302 286 343 324 id
361 287 604 338 potissimum
623 287 733 326 nobis
751 287 1011 326 obtinentibus
1029 286 1267 340 provinciam

139 339 292 379 faceret.
321 341 398 380 Cui
415 353 498 391 nos,
519 350 557 381 et
575 342 729 381 caritate
749 349 786 380 et
800 355 943 390 amore,
963 350 1076 380 tuum
1096 342 1266 381 officium

141 402 388 446 praestaturos
405 408 483 434 non
511 396 625 435 debes
651 396 838 435 dubitare.
879 396 986 435 Illud
1012 410 1166 448 quoque
1196 396 1268 434 erit

140 449 252 488 nobis
269 463 384 498 curae,
405 458 450 489 ut
468 450 676 503 Cratippus
695 451 775 490 una
793 464 883 490 cum
902 463 945 489 eo
961 451 1036 496 sit3
1065 463 1113 488 ne
1138 459 1266 502 putes,

140 502 183 540 in
200 502 300 543 Asia
317 504 497 543 feriatum
514 506 628 543 illum
648 507 696 544 ab
714 505 763 544 iis
780 505 928 554 studiis,
949 504 991 542 in
1009 519 1097 556 quae
1117 505 1185 543 tua
1203 518 1268 543 co-

141 556 356 598 hortatione
374 559 568 608 incitatur,
588 560 779 598 futurum.
809 560 916 598 Nam
935 559 1063 609 illum,
1087 568 1270 611 paratum

142 612 208 664 (ut
225 613 367 662 video),
388 622 425 652 et
443 615 658 666 ingressum
677 615 791 665 pleno
817 613 953 665 gradu,
982 613 1170 652 cohortari
1188 626 1267 652 non

137 665 452 717 intermittemus,
466 682 544 721 quo
557 668 598 707 in
613 669 696 707 dies
710 668 878 720 longius,
894 668 1071 707 discendo
1091 680 1269 707 exercen-

139 720 268 772 doque
286 736 339 770 se,
359 724 550 774 procedat.

195 775 280 815 Vos
299 777 395 828 quid
413 778 574 828 ageretis
602 777 643 815 in
667 790 709 815 re
726 776 898 829 publica,
924 789 1015 816 cum
1042 776 1113 815 has
1138 776 1271 816 literas

141 829 299 877 dabam,
315 843 393 869 non
404 832 582 871 sciebam.
602 831 826 870 Audiebam
839 831 1017 883 quaedam
1029 831 1266 897 turbulenta,

140 897 230 936 quae
241 885 382 925 scilicet
392 887 506 938 cupio
520 899 600 925 0550
613 885 723 933 falsa,
739 894 784 924 ut
797 885 1004 938 aliquando
1018 885 1138 924 otiosa
1151 885 1270 924 liber-

139 946 218 977 tate
235 939 437 979 fruamur:
468 941 574 993 quod
587 941 648 979 vel
662 940 823 979 minime
834 941 960 979 adhuc
977 940 1077 978 mihi
1095 940 1268 991 contigit.

136 993 227 1045 Ego
255 1001 400 1044 tamen,
432 1002 567 1034 nactus
590 995 632 1033 in
660 994 903 1047 navigatione
926 994 1056 1033 nostra
1080 994 1270 1055 pusillum

138 1048 365 1097 laxamenti,
387 1050 610 1089 concinnavi
637 1049 709 1088 tibi
730 1049 1007 1088 munusculum
1026 1062 1074 1087 ex
1092 1048 1272 1087 instituto

139 1114 252 1142 meo:
283 1111 321 1142 et
340 1104 502 1152 dictum,
523 1118 614 1143 cum
631 1117 775 1155 magno
793 1111 921 1142 nostro
939 1104 1082 1142 honore
1101 1116 1124 1141 a
1138 1110 1176 1141 10
1189 1102 1270 1141 1110-

138 1163 239 1206 tum,
260 1159 442 1207 conclusi,
464 1166 502 1198 et
519 1159 590 1198 tibi
607 1158 708 1197 infra
722 1158 937 1210 subscripsi.
967 1158 1018 1196 In
1030 1157 1171 1210 quibus
1185 1170 1270 1196 ver-

140 1211 269 1251 siculis
288 1212 320 1251 51
337 1213 409 1251 11111
436 1213 666 1265 quibusdam
687 1213 812 1252 verbis
832 1214 1193 1264 ευθυῤῥηαωεστερος
1211 1212 1271 1250 vi-

139 1265 272 1315 debor,
293 1267 493 1319 turpitudo
511 1280 682 1319 personae
701 1269 798 1318 ejus,
817 1267 859 1305 in
885 1279 1004 1318 quam
1028 1266 1219 1304 liberius
1207 1278 1270 1304 111-

140 1320 334 1371 vehimur,
368 1334 438 1361 nos
468 1322 688 1361 vindicabit.
719 1323 898 1374 Ignosces
923 1321 1039 1359 etiam
1060 1320 1271 1359 iracundiae

138 1383 304 1421 nostrae3
335 1389 423 1427 quae
451 1377 559 1426 justa
586 1385 641 1415 est
669 1377 711 1414 in
741 1375 931 1426 ejusmodi
961 1383 998 1414 et
1025 1375 1201 1414 homines
1230 1383 1271 1414 et

137 1429 249 1468 civae.
279 1404 446 1479 Deinde,
468 1433 539 1483 qui
564 1431 688 1482 magis
717 1430 791 1469 hoc
817 1430 970 1469 Lucilio
991 1430 1142 1468 licuerit
1160 1442 1269 1468 assu-

137 1495 244 1522 mere
260 1484 461 1533 libertatis,
478 1498 598 1537 quam
617 1485 755 1524 nobis?
776 1498 880 1532 cum,
897 1484 1012 1523 etiam
1033 1484 1065 1522 51
1082 1483 1170 1522 01110
1183 1484 1268 1536 pari

138 1537 314 1577 fueritin
333 1552 396 1578 005
415 1553 512 1602 quos
529 1539 641 1589 laesit,
671 1548 800 1579 tamen
826 1547 925 1578 certe
943 1552 1021 1578 non
1040 1538 1164 1590 magis
1182 1538 1269 1590 djg-

138 1604 208 1631 nos
229 1593 422 1644 habuerit,
451 1595 494 1632 in
523 1607 620 1646 quos
649 1594 758 1633 13013
784 1593 960 1633 libertate
976 1594 1183 1632 verborum
1207 1593 1268 1631 in-

138 1655 317 1687 curreret.

191 1701 273 1749 Tu,
295 1702 393 1741 sicut
410 1701 510 1740 mihi
527 1703 720 1755 pollicitus
750 1715 804 1751 es,
836 1701 1024 1753 adjunges
1051 1715 1116 1741 me
1147 1714 1267 1754 quam

137 1756 311 1818 primum
323 1757 373 1795 ad
383 1764 470 1795 tuos
482 1770 685 1796 sermones.
718 1758 904 1808 Namque
916 1757 1015 1795 illud
1025 1769 1104 1796 non
1116 1756 1266 1806 dubito,

139 1810 250 1862 quin,
271 1811 303 1849 51
306 1811 417 1872 ‘quid
435 1811 484 1849 de
501 1811 656 1850 interitu
672 1811 831 1851 Caesaris
850 1812 1004 1872 scribas,
1020 1823 1096 1848 non
1111 1811 1269 1862 patiaris

138 1877 203 1903 me
220 1865 425 1904 minimam
442 1873 593 1918 partem
606 1873 644 1904 et
662 1866 716 1904 rei
728 1873 765 1904 et
779 1866 919 1904 amoris
931 1865 991 1904 tui
1007 1865 1116 1903 ferre.
1143 1865 1266 1911 Vale3

139 1925 177 1957 et
194 1927 359 1958 matrem
373 1933 478 1958 meos
463 1933 556 1973 sque
570 1920 641 1958 tibi
659 1920 946 1960 commendatos
958 1920 1070 1960 habe.
1090 1918 1143 1958 D.
1153 1919 1268 1959 VIII

139 1972 330 2014 calendas
348 1975 378 2015 J
380 1987 505 2025 umas,
523 1974 703 2015 Athenis.
