1501 2407
383 104 467 143 AD
495 98 794 144 DIVERSOS.
825 104 924 157 Lm.
949 104 983 141 Ι.
1013 105 1051 141 2.
1253 104 1280 141 3

154 212 257 261 lunt,
275 211 393 252 iidem
411 213 496 261 tibi,
523 213 628 265 quod
652 225 742 252 eum
761 212 921 255 ornasti.
948 224 1026 250 non
1045 217 1135 250 sunt
1152 210 1278 249 amici.

155 266 241 304 Nos
275 266 315 304 in
346 267 461 305 causa
490 268 754 307 auctoritatem
787 279 832 304 eo
859 266 1050 304 minorem
1075 265 1278 314 habemus,

154 320 260 371 quod
278 321 350 359 tibi
367 321 562 361 debemus.
602 322 778 360 Gratiam
798 327 929 358 autem
947 328 1118 359 nostram
1136 319 1281 358 exstin-

154 374 240 425 guit
258 374 462 414 hominum
481 376 658 428 suspicio,
686 375 791 427 quod
811 375 998 426 Pompeio
1017 387 1058 413 se
1076 372 1280 425 gratificari

154 436 305 489 putant.
335 430 420 468 Ut
410 442 451 467 111
478 433 591 469 rebus
609 431 734 468 multo
752 435 854 477 ante,
875 441 995 480 quam
1013 428 1204 480 profectus
1225 441 1279 473 es,

153 484 204 520 ab
232 482 315 534 ipso
344 497 445 535 rege,
477 493 515 522 et
547 487 595 523 ab
618 484 764 522 intimis
790 497 832 522 ac
858 482 1074 521 domesticis
1104 481 1282 533 Pompeii

153 536 257 574 clam
277 539 516 587 exulceratis,
530 539 666 577 deinde
684 539 815 589 palam
829 551 852 575 a
866 537 1129 576 consularibus
1149 535 1280 587 exagi-

155 591 257 640 tatis,
275 599 312 630 et
330 592 370 629 in
383 606 579 631 summam
597 592 783 631 invidiam
802 591 1011 637 adductis,
1001 599 1055 628 lta
1067 603 1275 629 versamur.

156 644 341 684 Nostram
365 647 483 685 fidem
501 660 647 693 omnes,
669 659 839 685 amorem
857 646 915 684 tui
929 644 1095 683 absentis
1115 657 1281 696 praesen-

152 705 208 736 tes
221 699 292 749 tui,
301 708 538 751 cognoscent.
565 701 607 740 Si
618 708 714 739 esset
727 701 768 738 in
783 700 830 738 iis
842 700 950 747 fides,
965 699 1005 736 in
1021 699 1162 751 quibus
1175 711 1281 737 sum-

154 765 219 792 ma
237 766 317 794 esse
336 755 512 805 debebat,
533 768 610 795 non
627 755 900 794 laboraremus,
930 754 1044 793 Vale.

151 917 233 965 (2.)
271 917 334 957 Μ.
355 917 406 957 Τ.
428 918 473 958 C.
504 919 543 958 S.
565 919 618 957 D.
650 919 697 958 P.
719 916 1014 967 LENTULO,
1045 915 1281 956 PROCOS.

211 1027 226 1068 (
229 1025 536 1089 4rgumentfcm.
542 1027 819 1079 -Significat,
842 1026 938 1079 quid
955 1025 1134 1088 deinceps
1153 1032 1283 1064 actum

155 1078 198 1116 in
221 1089 355 1119 senatu
382 1081 430 1120 sit
453 1082 494 1120 in
519 1095 636 1121 causa
658 1082 763 1133 regia
786 1081 923 1120 Idibus
948 1081 977 1119 J
980 1093 1174 1124 anuarus
1197 1092 1285 1130 quae

154 1135 353 1173 sententiae
365 1136 501 1182 dictae3
531 1149 610 1188 quo
623 1137 848 1188 Pompeius,
870 1149 948 1187 quo
961 1136 1044 1184 ejus
1062 1111 1283 1182 familiares,

152 1187 314 1236 animo;
345 1197 382 1228 et
400 1203 488 1243 quae
506 1191 652 1229 tribuni
670 1190 812 1228 frustra
829 1190 956 1229 moliti
973 1189 1082 1237 sint.)

211 1297 348 1336 Idibus
379 1298 577 1337 Januariis
606 1299 648 1337 in
677 1306 812 1337 senatu
837 1298 935 1336 nihil
967 1304 1024 1336 est
1053 1296 1284 1344 confectum,

156 1359 356 1403 propterea
374 1353 478 1404 quod
505 1353 585 1391 dies
609 1353 754 1404 magna
779 1366 828 1391 ex
853 1359 961 1403 parte
980 1360 1204 1389 consumtus
1230 1359 1288 1389 est

157 1405 400 1445 altercatione
419 1407 579 1445 Lentuli
597 1407 763 1446 consulis
776 1415 813 1445 et
822 1406 977 1445 Caninii
990 1405 1138 1443 tribuni
1151 1404 1286 1456 plebis.

157 1459 220 1498 Εο
239 1460 301 1498 die
323 1473 392 1499 nos
418 1474 573 1513 quoque
597 1462 723 1499 multa
742 1462 857 1499 verba
879 1460 1067 1505 fecimus;
1097 1459 1287 1497 maxime-

157 1528 234 1575 que
253 1514 323 1553 visi
343 1529 477 1554 sumus
489 1523 665 1554 senatum
682 1514 1043 1554 commemoratione
1058 1521 1135 1552 tuae
1149 1514 1286 1551 volun-

157 1569 246 1607 tatis
265 1582 355 1621 erga
372 1569 487 1608 illum
506 1570 680 1609 ordinem
700 1582 949 1608 commovere.
988 1568 1128 1619 Itaque
1148 1568 1288 1619 postri-

157 1622 220 1661 die
238 1624 397 1674 placuit,
413 1632 458 1662 ut
468 1625 632 1663 breviter
649 1624 856 1662 sententias
869 1623 1093 1661 diceremus.
1116 1621 1287 1661 Videba-

158 1684 222 1715 tur
252 1677 355 1716 enim
380 1679 620 1717 reconciliata
651 1678 762 1716 nobis
791 1678 967 1716 voluntas
1001 1677 1153 1715 senatus
1181 1689 1286 1713 esse·

159 1731 278 1782 quod,
299 1738 385 1770 tum
403 1732 578 1782 dicendo,
605 1740 692 1771 tum
711 1732 872 1783 singulis
892 1730 1132 1783 appellandis
1151 1741 1288 1781 rogan-

159 1785 310 1837 disque,
337 1800 617 1838 perspexeram.
653 1788 807 1838 Itaque,
833 1798 922 1824 cum
950 1784 1138 1823 sententia
1162 1784 1289 1835 prima

161 1840 297 1879 Bibuli
310 1841 558 1892 pronuntiata
570 1849 680 1888 esset,
695 1850 740 1879 ut
759 1849 834 1879 tres
848 1839 967 1900 legati
986 1852 1113 1899 regem
1133 1838 1289 1876 reduce

159 1903 270 1939 rent3
302 1896 468 1933 secunda
494 1895 709 1938 Hortensii..
732 1902 777 1932 ut
804 1902 847 1932 tu
871 1895 950 1932 sine
981 1893 1149 1931 exercitu
1175 1892 1289 1931 redu-

162 1961 291 1995 ceres;
321 1950 432 1988 tertia
450 1949 633 1997 Volcatii,
660 1958 705 1987 ut
723 1948 934 2000 Pompeius
954 1947 1169 1991 reduceret;
1201 1960 1289 1997 pos-

163 2003 332 2041 tulatum
351 2011 420 2053 est,
441 2011 486 2042 ut
504 2004 641 2043 Bibuli
659 2003 846 2042 sententia
864 2002 1108 2041 divideretur.
1138 2000 1288 2048 Quate-

163 2068 238 2094 nus
256 2056 304 2095 de
322 2057 505 2108 religione
529 2058 692 2105 dicebat,
712 2057 853 2108 cuique
875 2056 930 2095 rei
949 2057 1033 2106 jam
1059 2054 1192 2094 obsisti
1210 2065 1288 2092 non

163 2117 324 2162 poterat,
346 2112 492 2151 Bibulo
503 2125 700 2151 assensum
720 2119 799 2150 est:
831 2111 879 2149 de
897 2111 1020 2149 tribus
1044 2109 1195 2161 legatis,
1214 2108 1290 2146 fre-

162 2173 325 2216 quentes
342 2165 470 2204 ierunt
487 2166 528 2204 in
546 2167 622 2205 alia
639 2165 782 2204 omnia.
817 2165 1004 2205 Proxima
1022 2171 1103 2203 erat
1120 2163 1290 2201 Horten-

161 2218 209 2256 sii
228 2219 430 2271 sententia,
452 2233 541 2260 cum
561 2220 715 2272 Lupus,
735 2220 914 2258 tribunus
931 2218 1068 2271 plebis,
1088 2216 1192 2269 quod
1210 2216 1292 2268 ipse
