1481 2422
271 104 355 144 AD
382 101 812 143 DIVERSOS.L113.
844 102 920 141 IX.
957 105 1019 140 10.
1147 102 1226 139 255

110 213 191 257 las;
221 218 258 250 et
275 211 482 263 aliquando
501 212 571 250 tibi
589 211 731 263 potius,
751 223 870 262 quam
890 210 1024 257 cuivis,
1052 209 1103 247 sis
1131 208 1228 246 anii-

109 279 187 304 cus.
217 265 462 304 Satisfactum
477 273 532 303 est
542 267 625 326 jam
643 278 667 303 a
685 273 722 303 te
747 265 808 302 vel
826 264 964 324 officio,
986 264 1046 301 vel
1064 262 1229 300 familia

110 318 241 365 ritati3
271 319 506 357 satisfactum
525 319 641 357 etiam
659 319 849 370 partibuS,
871 325 908 356 et
933 317 968 355 ei
996 316 1229 368 reipublicae,

109 385 229 424 quam
242 380 284 410 tu
296 375 495 433 probabas.
516 373 731 425 Reliquum
744 380 814 419 est,
829 371 898 409 ubi
911 383 1014 408 nunc
1029 379 1084 408 est
1098 382 1231 420 respu-

109 426 222 473 blica,
241 427 296 465 ibi
324 427 444 465 simus
476 427 619 478 potius,
652 439 785 478 quam,
806 425 902 463 dum
929 425 1037 463 illam
1064 431 1231 462 veterem

107 480 318 532 sequimur,
339 481 458 519 simus
475 481 516 518 in
528 481 649 518 nulla.

161 534 294 582 Quare
323 535 453 582 velim,
484 535 540 572 mi
567 533 845 584 jucundissime
880 532 1027 579 Cicero,
1066 530 1098 568 si
1135 530 1231 568 forte

107 588 330 639 Pompeius,
357 589 492 640 pulsus
509 588 570 626 his
588 601 743 640 quoque
768 587 875 635 locis,
903 599 1032 623 rursus
1059 584 1153 622 alias
1172 597 1231 621 re-

105 641 237 692 giones
253 650 384 703 petere
402 651 573 693 cogatur,
598 649 643 680 ut
660 650 703 679 tu
732 648 770 679 te
797 640 858 678 vel
882 640 1072 685 Athenas,
1104 639 1161 676 vel
1190 638 1230 674 in

106 696 283 746 quamvis
311 696 483 748 quietam
513 696 670 747 recipias
700 694 905 733 civitatem.
950 692 1070 740 Quod
1102 692 1134 729 si
1160 692 1232 729 eris

106 751 289 798 facturus,
319 749 435 788 velim
462 750 560 787 mihi
589 749 745 795 scribas,
773 755 819 786 ut
843 760 929 799 ego,
949 747 981 785 si
1006 746 1088 784 ullo
1115 745 1231 784 modo

106 810 251 854 potero,
272 803 320 841 ad
339 811 375 842 te
394 803 467 841 adv
458 805 581 841 olem.

163 858 433 908 Quaecumque
451 857 498 895 de
517 857 586 895 tua
604 857 789 917 dignitate
809 857 857 894 ab
876 855 1103 906 imperatore
1121 861 1232 891 erunt

106 910 361 972 impetranda,
391 925 470 962 qua
498 919 554 949 est
580 909 822 948 humanitate
839 909 983 956 Caesar,
1002 907 1231 946 facillimum

106 965 177 1003 erit
196 967 244 1004 ab
259 978 303 1004 eo
321 965 419 1003 tibi
409 966 483 1018 ipsi
501 965 736 1026 impetrare3
767 972 805 1002 et
822 976 928 1002 meas
946 970 1077 1000 tamen
1103 974 1232 1012 preces

106 1019 213 1070 apud
231 1032 320 1058 eum
339 1031 418 1057 non
435 1019 646 1057 minimum
664 1017 898 1056 auctoritatis
909 1016 1107 1055 habituras
1121 1022 1229 1066 puto.

108 1074 197 1112 Erit
217 1080 295 1112 tuae
314 1085 468 1125 quoque
486 1073 576 1110 fidei
595 1080 632 1111 et
659 1071 925 1133 humanitatis,
956 1082 1100 1118 curare,
1129 1075 1173 1106 ut
1197 1068 1230 1106 is

108 1128 342 1175 tabellarius,
367 1141 484 1178 quem
504 1127 553 1165 ad
568 1135 606 1164 te
624 1126 726 1172 misi,
747 1125 885 1164 reverti
903 1123 1081 1176 possitad
1099 1135 1176 1172 me,
1192 1129 1230 1162 et

104 1195 129 1219 a
147 1189 184 1219 te
201 1181 436 1220 mihiliteras
449 1180 738 1220 referat.Va1e.

134 1342 247 1390 (10.)
276 1341 338 1380 Μ.
369 1340 582 1381 CICERO
612 1340 659 1379 P.
689 1337 1060 1380 DOLABELLAE
1092 1339 1132 1378 S.
1153 1338 1208 1378 D.

162 1441 487 1492 (Argumentum.
499 1461 554 1471 —
569 1441 676 1479 Inter
696 1440 852 1479 Niciam
872 1448 910 1478 et
928 1440 1091 1479 Vidium
1108 1440 1231 1489 judex

109 1497 168 1540 (in
191 1509 320 1556 causa,
341 1503 385 1534 ut
406 1496 568 1543 videtur,
599 1494 838 1546 pecuniaria)
865 1495 1105 1542 constitutus,
1126 1492 1231 1545 quod

107 1550 382 1601 grammaticus
401 1550 516 1588 Nicia
534 1557 626 1595 erat,
646 1562 714 1601 pei·
730 1549 863 1610 jocum
888 1548 937 1586 ad
962 1548 1231 1599 grammaticos

108 1603 271 1642 alludit:
303 1604 419 1642 etiam
431 1603 479 1642 de
498 1604 680 1642 P.Su11ae
695 1611 819 1642 morte
833 1604 960 1653 jocose
974 1600 1136 1651 scribit.)

165 1712 260 1750 Non
274 1724 361 1750 sum
373 1725 489 1750 ausus
504 1712 632 1750 Salvio
650 1718 778 1749 nostro
797 1710 895 1749 nihil
913 1710 963 1748 ad
981 1717 1019 1748 te
1036 1711 1234 1748 literarum

112 1765 227 1804 dare:
265 1778 334 1804 nec
359 1765 614 1816 (mehercule)
645 1765 851 1811 habebam,
878 1763 983 1816 quod
1015 1764 1231 1811 scriberem,

113 1819 188 1858 nisi
208 1829 244 1858 te
259 1833 283 1858 a
299 1832 364 1858 me
391 1819 616 1858 mirabiliter
643 1819 790 1857 amari:
821 1819 869 1857 de
887 1831 980 1870 quo,
1001 1818 1117 1856 etiam
1136 1817 1234 1855 nihil

113 1874 299 1912 scribente
326 1887 403 1921 me,
424 1882 462 1912 te
479 1886 557 1912 non
581 1873 770 1917 dubitare
798 1880 900 1911 certo
928 1872 1016 1910 scio.
1057 1871 1233 1910 Omnino

112 1927 211 1965 mihi
228 1928 352 1978 magis
369 1928 489 1966 literae
507 1935 596 1966 sunt
610 1926 873 1979 exspectandae
885 1940 908 1964 a
919 1933 970 1974 te,
991 1938 1109 1977 quam
1129 1938 1153 1963 a
1170 1938 1235 1963 me

113 1982 197 2021 tibi.
227 1981 340 2020 Nihil
352 1982 456 2020 enim
477 1982 614 2020 Romae
626 1982 790 2042 geritur,
811 1979 916 2032 quod
934 1987 971 2017 te
989 1987 1123 2031 putem
1142 1979 1236 2017 scire

113 2048 272 2082 curare3
293 2036 368 2074 nisi
382 2036 479 2074 forte
492 2035 585 2074 scire
599 2048 670 2082 ns,
686 2048 763 2081 me,
779 2035 878 2072 inter
893 2033 1049 2072 Niciam
1061 2041 1235 2071 nostrum

113 2098 152 2128 et
169 2089 349 2136 Vidium,
370 2089 541 2140 judicem
575 2102 667 2128 esse.
710 2088 861 2126 Profert
886 2089 980 2126 alter
1001 2089 1064 2140 (ut
1082 2086 1235 2137 opinor)

113 2144 266 2182 duobus
294 2144 487 2182 versiculis
521 2156 734 2195 expensum
767 2142 915 2180 Niciae.
946 2143 1041 2180 alter
1067 2140 1238 2180 Aristar-

117 2197 213 2236 chus
230 2197 300 2237 hos
333 2197 496 2242 οοελιζει.
525 2198 627 2249 Ego,
648 2205 848 2248 tamquam
867 2196 1019 2235 criticus
1044 2194 1239 2246 antiquus,
