1481 2422
209 102 290 148 370
387 101 471 142 AD
498 101 798 143 DIVERSOS.
826 101 930 142 11113.
950 100 1053 141 XII.
1084 102 1148 141 12.

201 209 319 264 (12.)
339 210 583 264 CASSIUS,
612 210 850 306 Ρξῗὲῧῗ)
876 211 918 252 S.
933 209 988 250 D.
1010 209 1080 250 M.
1094 207 1330 250 CICERO·

261 375 590 430 (Argumentum.
604 400 658 407 —
673 377 854 417 Laudat'a
885 375 1080 418 Ciceronis
1104 376 1332 417 benevolen-

206 431 275 480 tia,
305 432 549 471 commendat
568 445 679 471 suam
697 432 939 484 dignitatem,
960 445 1126 484 suosque
1151 431 1267 470 duces
1295 438 1334 470 et

206 485 373 525 milites:
403 486 445 524 in
473 487 650 526 Ciliciam
673 494 805 526 contra
821 487 1069 526 Dolabellam
1086 485 1274 539 proficisci
1290 485 1332 524 in

206 540 336 580 animo
355 553 447 591 8558,
469 541 667 594 significat.
672 539 688 592 )

260 649 303 690 Si
321 651 438 713 vales,
458 651 557 689 bene
584 657 664 690 est:
697 663 767 702 ego
793 649 952 703 quidem
969 649 1090 690 valeo.
1129 648 1230 701 Legi
1248 655 1335 688 tuas

205 703 348 752 literas,
368 705 410 743 in
429 705 570 757 quibus
597 705 806 744 mirificum
834 712 948 744 tuum
967 718 1058 756 erga
1074 717 1138 743 me
1161 716 1334 743 amorem

205 759 420 810 recognovi.
461 759 666 798 Videbaris
686 759 790 798 enim
809 772 887 798 non
915 760 1042 798 solum
1067 759 1194 798 favere
1221 758 1334 797 nobis

208 812 282 865 (id,
303 813 408 865 quod
428 820 466 852 et
483 814 604 852 nostri
623 821 661 852 et
679 813 901 866 reipublicae
919 814 1036 853 causa
1054 825 1206 865 semper
1223 811 1335 851 fecis-

204 865 271 916 ti),
288 867 355 906 sed
370 867 485 906 etiam
503 880 660 919 gravem
679 881 813 907 curam
832 868 1051 921 suscepisse,
1071 867 1336 906 vehementer-

206 934 283 974 que
298 935 377 960 esse
388 922 436 960 de
454 922 564 961 nobis
583 922 780 961 sollicitus.
809 922 963 975 Itaque,
984 921 1089 975 quod
1106 928 1145 960 te
1162 921 1336 974 primum

205 975 425 1015 existimare
442 978 644 1028 putabam,
665 989 750 1026 nos,
770 990 952 1029 oppressa
969 976 1181 1029 republica,
1209 975 1337 1028 quies-

205 1042 288 1069 cere
306 1043 384 1069 non
398 1044 534 1083 posse3
565 1031 718 1081 deinde,
738 1044 828 1070 cum
843 1031 1077 1083 suspicarere
1090 1043 1159 1069 nos
1177 1029 1334 1076 moliri;

205 1084 312 1137 quod
331 1093 367 1124 te
386 1085 592 1124 sollicitum
621 1098 701 1124 esse
727 1093 764 1125 et
782 1086 830 1124 de
849 1086 972 1124 salute
996 1085 1127 1124 nostra
1147 1092 1184 1123 et
1202 1084 1250 1123 de
1274 1097 1335 1123 re-

205 1151 296 1178 rum
333 1147 471 1178 eventu
502 1141 717 1191 putabam;
762 1140 878 1180 simul
911 1153 955 1179 ac
982 1139 1152 1201 legiones
1188 1138 1332 1190 accepi,

204 1206 303 1245 quas
318 1193 372 1232 A.
385 1194 568 1233 Allienus
587 1194 773 1233 eduxerat
791 1208 839 1234 ex
857 1194 1046 1256 AEgyptO,
1068 1193 1200 1246 scripsi
1218 1192 1268 1231 ad
1282 1200 1336 1242 te,

203 1248 499 1301 tabellariosque
510 1249 726 1301 complures
741 1249 912 1288 Romam
927 1248 1027 1287 misi.
1058 1248 1200 1300 Scripsi
1219 1247 1337 1286 etiam

202 1301 254 1340 ad
273 1311 449 1341 senatum
466 1303 610 1352 literas,
624 1317 721 1355 quas
732 1303 841 1342 reddi
859 1303 965 1342 vetui
982 1302 1104 1355 prius,
1125 1314 1245 1354 quam
1263 1300 1335 1341 tibi

202 1355 369 1396 recitatae
385 1365 533 1404 essent;
565 1358 597 1396 si
615 1358 714 1396 forte
731 1358 808 1397 mei
827 1359 1090 1410 obtemperare
1107 1356 1206 1395 mihi
1225 1356 1336 1395 volu-

204 1410 316 1449 erint.
347 1411 466 1459 Quod
493 1412 524 1450 si
541 1412 663 1451 literae
682 1413 839 1464 perlatae
857 1424 935 1451 non
954 1419 1059 1461 sunt,
1086 1423 1164 1449 non
1184 1410 1335 1459 dubito,

203 1464 300 1517 quin
316 1464 535 1514 Dolabella,
557 1467 639 1518 qui,
661 1466 804 1505 nefarie
823 1466 1019 1504 Trebonio
1038 1465 1173 1514 occiso,
1193 1464 1336 1503 Asiam

202 1519 418 1571 occupavit,
439 1520 656 1560 tabellarios
674 1533 780 1560 meos
802 1519 1108 1573 deprehenderit,
1127 1519 1336 1572 literasque

205 1572 459 1625 interceperit.

259 1627 465 1668 Exercitus
491 1642 638 1678 omnes,
659 1629 728 1682 qui
752 1629 793 1668 in
813 1629 926 1682 Syria
943 1629 1066 1678 fuere,
1087 1635 1209 1667 teneo.
1248 1627 1336 1667 Ha-

202 1682 272 1722 bui
297 1683 505 1735 paululum
530 1697 663 1734 morae,
704 1684 800 1722 dum
827 1684 1016 1736 promissa
1041 1683 1231 1722 militibus
1249 1695 1337 1736 per-

203 1737 321 1776 solvo.
351 1737 500 1777 Nunc·
485 1751 569 1788 Jam
589 1752 676 1777 sum
696 1738 910 1791 expeditus.

257 1792 298 1830 A
317 1798 354 1830 te
368 1800 471 1854 peto,
487 1800 532 1831 ut
551 1793 778 1845 dignitatem
789 1806 919 1831 meam
931 1792 1240 1832 commendatam
1259 1790 1333 1831 tibi

201 1845 358 1895 habeas,
382 1846 414 1885 si
432 1860 496 1886 me
520 1847 703 1899 intelligis
718 1848 874 1886 nullum
893 1860 1019 1910 neque
1032 1846 1247 1899 periculum
1267 1858 1336 1885 ne-

205 1914 282 1952 que
295 1901 468 1940 laborem
487 1901 622 1954 patriae
636 1902 864 1954 denegasse,
886 1902 918 1941 si
936 1909 1068 1941 contra
1085 1900 1338 1953 importunis-

207 1955 326 1994 simos
348 1955 516 1994 latrones
534 1969 643 1995 arma
668 1957 765 2009 cepi,
786 1964 824 1995 te
842 1956 1019 1995 hortante
1038 1964 1076 1995 et
1098 1962 1277 2001 auctore;
1307 1954 1341 1993 si

208 2020 287 2047 non
312 2009 439 2048 solum
466 2010 653 2049 exercitus
679 2011 730 2050 ad
746 2011 1027 2063 rempublicam
1046 2011 1340 2061 libertatemque

206 2062 488 2103 defendendam
506 2065 738 2117 comparavi,
759 2064 824 2104 sed
843 2065 960 2104 etiam
987 2063 1258 2104 crudelissimis
1276 2071 1339 2115 ty-

206 2117 337 2156 rannis
356 2118 505 2170 eripui;
535 2132 632 2172 quos
655 2119 687 2158 si
705 2119 926 2181 occupasset
943 2118 1165 2167 Dolabella,
1181 2129 1259 2157 non
1277 2129 1340 2156 so-

206 2171 293 2210 lum
329 2171 513 2221 adventu,
537 2173 604 2212 sed
629 2173 745 2212 etiam
775 2173 954 2240 opinione
983 2179 1023 2212 et
1054 2171 1338 2224 exspectatione

207 2225 395 2267 exercitus
413 2227 488 2279 sui,
508 2227 729 2269 Antonium
755 2226 1027 2268 confirmasset·
1063 2225 1174 2275 Quas
1191 2227 1242 2266 ob
1259 2238 1333 2275 τω,
