1481 2422
190 87 272 155 :312
390 117 477 156 AD
508 116 808 158 DIVERsos.
840 117 940 156 LIB.
969 116 1022 156 x.
1051 117 1118 156 26.

187 232 226 263 te
250 224 440 277 ignorare,
466 233 653 279 quantam
676 226 833 266 laudem
858 233 1079 266 consecutus
1103 226 1180 265 sis:
1210 225 1308 266 mihi

190 280 314 330 crede,
337 281 557 333 proximam
584 282 742 330 Planco,
763 281 880 333 idque
906 281 1026 332 ipsius
1051 280 1186 320 Planci
1203 281 1310 320 testi-

189 335 335 382 monio,
355 343 537 387 praeterea
561 336 667 374 fama
685 336 916 387 scientiaque
940 335 1128 373 omnium.
1158 335 1311 383 Quam-

187 389 334 437 obrem,
357 390 390 428 si
407 390 502 442 quid
520 390 643 442 operis
661 390 732 428 tibi
747 390 862 428 etiam
877 402 979 429 nunc
991 397 1120 438 restat,
1133 389 1173 428 id
1187 390 1313 429 maxi-

190 455 256 481 mo
275 456 387 495 opere
413 457 545 483 censeo
565 444 884 496 persequendum.
914 445 1023 492 Quid
1047 443 1150 483 enim
1174 444 1313 483 hones-

191 496 268 536 tius
286 500 303 536 ?
332 506 400 536 aut
419 499 513 550 quid
531 499 688 537 honesto
707 498 1047 549 anteponendum?

244 552 314 591 Sin
333 560 463 591 autem
489 553 725 591 satisfactum
751 553 970 603 reipublicae
997 559 1123 604 putas,
1144 552 1314 592 celeriter

190 606 241 644 ad
259 607 427 654 comitia,
448 607 602 659 quando
622 614 771 645 mature
793 606 924 645 futura
949 614 1054 654 sunt,
1078 606 1312 646 veniendum

192 673 350 706 881138ος
381 661 592 700 (1111111110ᾶο
619 673 668 699 118
686 661 781 712 quid
805 660 887 699 haec
905 661 1105 699 ambitiosa
1122 661 1313 699 festinatio

191 714 400 753 imminuat
419 716 502 764 ejus
517 716 662 767 gloriae,
676 728 795 766 quam
810 716 1001 754 consecuti
1016 728 1161 754 sumus.
1189 715 1314 754 Multi

193 769 393 807 clarissimi
423 770 508 817 viri,
536 782 626 808 cum
644 769 864 821 reipublieae
882 769 1016 808 darent
1045 782 1214 821 operam,
1246 782 1317 808 an-

193 835 291 860 num
320 823 513 875 petitionis
536 837 614 862 suae
639 836 715 862 non
748 824 936 862 obierunt.
965 824 1084 872 Quod
1102 837 1146 862 eo
1167 823 1317 863 facilius

193 878 304 915 nobis
323 885 392 925 est,
414 878 518 930 quod
537 891 613 916 non
634 886 688 916 eet
707 891 830 916 annus
843 878 906 916 hic
925 878 994 917 tibi
1012 878 1236 926 destinatus,
1255 885 1314 927 ut,

194 931 227 969 si
252 932 372 970 aedilis
400 932 550 979 fuisses,
582 945 651 984 pos
635 940 668 970 31
699 932 899 970 biennium
928 941 1018 971 tuus
1047 945 1172 971 annus
1204 940 1314 971 aeset.

196 986 315 1024 Nunc
345 986 444 1025 nihil
465 987 752 1038 praetermittere
781 987 956 1026 videbere
984 986 1116 1025 usitati
1141 994 1179 1025 et
1208 986 1319 1039 quasi

196 1040 362 1091 legitimi
405 1041 587 1093 temporis
631 1041 680 1079 ad
724 1041 946 1093 petendum.
1004 1041 1130 1080 Video
1172 1050 1317 1090 autem,

197 1094 342 1133 Planco
361 1096 529 1143 consule,
557 1095 626 1133 etsi
645 1095 760 1134 etiam
780 1096 860 1134 sine
879 1109 922 1134 eo
941 1095 1105 1134 rationes
1123 1095 1319 1147 expeditas

197 1148 371 1197 haberes,
405 1158 535 1188 tamen
567 1149 863 1215 splendidiorem
887 1150 1110 1202 petitionem
1140 1156 1263 1199 tuam,
1287 1149 1321 1189 si

198 1203 315 1241 modo
333 1204 405 1242 ista
425 1217 473 1242 ex
488 1204 675 1243 sententia
693 1204 864 1243 confecta
882 1211 1017 1243 essent.

252 1257 427 1297 Omnino
458 1259 573 1310 plura
601 1271 665 1297 me
695 1259 871 1306 scribere,
901 1272 991 1297 cum
1022 1265 1137 1298 tuum
1165 1266 1318 1298 tantum

198 1312 402 1351 consilium
429 1313 698 1365 judiciumque
728 1313 789 1361 sit,
824 1313 1034 1351 arbitrabar
1061 1325 1140 1352 non
1169 1313 1224 1351 ita
1252 1325 1320 1352 ne-

198 1379 322 1405 cesse:
355 1367 421 1405 sed
453 1375 585 1406 tamen
623 1368 850 1406 sententiam
884 1380 1014 1405 meam
1043 1367 1115 1406 tibi
1146 1367 1319 1419 ignotam

197 1434 277 1459 esse
296 1421 503 1459 nolebam:
534 1423 644 1471 cujus
674 1429 730 1459 est
754 1421 837 1460 haec
862 1434 1029 1470 summa,
1057 1429 1103 1460 ut
1131 1422 1262 1460 omnia
1280 1428 1319 1460 te

197 1475 326 1513 metiri
343 1475 529 1526 dignitate
546 1475 695 1523 malim,
716 1489 835 1527 quam
853 1476 1087 1522 ambitione3
1114 1477 1320 1526 majorem-

201 1542 277 1581 que
305 1529 476 1568 fructum
508 1542 648 1582 ponere
677 1530 716 1567 in
747 1530 998 1581 perpetuitate
1028 1530 1168 1578 laudis,
1200 1543 1320 1582 quam

199 1584 239 1621 in
261 1584 450 1622 eeleritate
479 1592 668 1636 praeturae.
699 1584 797 1622 Haec
816 1584 948 1622 eadem
971 1585 1121 1623 locutus
1147 1597 1234 1622 sum
1253 1584 1321 1623 do-

200 1638 256 1675 mi
275 1651 385 1686 meae,
406 1638 578 1678 adhibito
605 1639 657 1687 Q.
675 1639 791 1676 fratre
809 1651 909 1681 meo,
931 1645 968 1676 et
987 1639 1153 1686 Caecina,
1175 1646 1212 1677 et
1231 1639 1322 1678 Cal-

201 1691 310 1741 visio,
350 1693 634 1731 studiosissimis
668 1693 740 1740 tui,
778 1705 868 1731 cum
905 1692 1126 1742 Dardanus,
1164 1693 1324 1732 libertus

202 1753 308 1795 tuus,
341 1747 547 1786 interesset.
577 1746 775 1786 Omnibus
804 1747 958 1798 probari
983 1747 1183 1787 videbatur
1204 1747 1324 1787 oratio

201 1813 314 1840 mea:
346 1801 413 1840 sed
430 1808 475 1840 tu
492 1801 636 1854 optime
651 1801 853 1852 judioebis.
882 1801 994 1841 Vale.

292 1965 414 2019 (26.)
443 1964 508 2003 M.
534 1965 747 2005 CICERO
775 1966 815 2006 S.
832 1965 888 2005 D.
918 1966 964 2006 C.
992 1964 1233 2005 FURNIO.

261 2073 589 2124 (Argumentum.
612 2096 666 2103 -—
685 2074 894 2126 Scripserat
905 2073 1089 2122 Furnius,
1103 2086 1142 2111 se
1156 2071 1206 2111 ad
1223 2083 1329 2110 oom-

201 2127 270 2167 itia
297 2128 476 2181 praetoria
504 2136 723 2168 venturum.
752 2129 961 2169 Dissuadet
991 2128 1137 2178 Cicero,
1158 2126 1329 2167 comitiap

202 2196 282 2234 que
300 2183 420 2222 dilata
444 2181 665 2235 significat.)
