1481 2422
351 66 435 106 AD
464 67 763 108 DIVERsOS.
792 68 894 107 Lm.
916 67 994 107 IX.
1014 70 1053 107 6.
1181 70 1258 109 251

155 180 297 223 retium,
318 186 437 226 quam
454 175 555 214 illud
571 175 707 227 ingens
724 177 875 215 malum
893 176 1050 216 alterius
1068 178 1192 217 utrius
1211 192 1278 219 ex-

154 228 289 267 emitas
308 237 346 267 et
363 229 508 268 ducum
526 230 710 277 interitu;
740 239 826 270 tum
844 245 934 270 vero
952 239 1169 271 extremum
1194 246 1279 273 ma-

152 282 281 321 lorum
310 284 488 322 omnium
518 298 598 322 esse
631 285 751 323 civilis
780 285 873 324 belli
902 286 1125 325 victoriam:
1157 301 1278 339 quam

151 336 310 388 quidem
328 351 398 388 ego
418 339 531 377 etiam
547 339 703 377 illorum
723 340 921 387 timebam,
943 340 992 379 ad
1012 354 1108 392 quos
1123 355 1278 381 venera-

152 402 254 429 mus.
296 391 512 431 Crudeliter
531 393 634 431 enim
662 393 792 432 otiosis
817 394 1089 432 minabantur:
1122 403 1278 448 eratque

150 444 197 483 iis
216 455 254 483 et
272 453 340 485 tua
356 446 479 486 invisa
503 447 694 495 voluntas,
716 455 754 487 et
771 461 859 486 mea
876 449 1007 487 oratio.
1039 449 1158 488 Nunc
1172 463 1275 500 vero,

150 499 183 537 si
202 508 326 539 essent
347 501 467 540 nostri
492 502 618 554 potiti,
646 502 757 541 valde
783 503 1080 554 intemperantes
1098 503 1274 543 fuissent.

148 553 275 593 Erant
290 555 393 593 enim
411 556 522 595 nobis
540 556 710 608 perirati,
731 557 841 609 quasi
861 557 1075 608 quidquam
1087 558 1134 596 de
1146 559 1276 597 nostr&

148 608 271 648 salute
289 609 600 658 decrevissemus,
622 611 726 663 quod
744 624 821 649 non
846 611 952 649 idem
972 611 1049 650 illis
1068 613 1274 651 censuisse-

147 675 263 710 mus3
294 671 361 702 aut
380 665 491 717 quasi
513 665 647 704 utilius
675 665 896 717 reipublicae
914 665 1043 714 fuerit,
1074 679 1136 705 eos
1159 667 1275 706 etiam

149 717 200 756 ad
224 718 436 758 bestiarum
462 719 654 758 auxilium
677 719 895 772 confugere,
917 733 1037 771 quam
1057 721 1119 758 vel
1138 721 1272 770 emori,

149 773 211 812 vel
229 786 320 812 cum
350 786 431 826 spe,
464 774 495 813 si
521 787 599 813 non
629 775 793 826 optima,
825 782 865 813 at
889 775 1035 827 aliqua,
1067 782 1198 814 tamen
1218 776 1274 814 vi-

151 840 250 866 vere.

202 882 262 921 At
280 883 321 921 in
339 883 564 935 perturbat&
581 883 779 936 republiciz
798 882 975 922 vivimus.
1009 882 1110 930 Quis
1129 893 1244 936 negat
1255 885 1274 922 ‚⁹

148 937 227 977 Sed
243 938 316 977 hoc
335 938 499 977 viderint
517 938 559 986 11,
580 939 648 991 qui
667 939 777 976 nulla
795 937 867 976 sibi
887 936 1055 976 subsidia
1074 938 1123 976 ad
1141 951 1275 978 ornnes

147 992 236 1031 vitae
255 1000 374 1031 status
401 1001 656 1044 paraverunt:
687 993 764 1031 huc
793 992 896 1030 enim
924 999 968 1030 ut
997 992 1179 1042 venirem,
1210 1007 1274 1032 su-

143 1047 270 1099 perior
286 1047 454 1099 longius,
475 1061 594 1099 quam
613 1047 732 1095 volui,
753 1047 867 1085 fluxit
887 1045 1017 1084 oratio.
1047 1047 1150 1085 Cum
1169 1048 1274 1086 enim

145 1108 184 1140 te
210 1114 361 1153 semper
384 1115 574 1154 magnum
600 1102 799 1140 hominem
817 1101 938 1147 duxi3
969 1108 1069 1147 tum,
1090 1102 1195 1153 quod
1213 1102 1275 1140 his

143 1156 435 1208 tempestatibus
469 1169 507 1195 es
537 1169 656 1208 prope
686 1157 789 1195 solus
821 1156 862 1193 in
890 1162 1019 1206 portu,
1050 1155 1275 1208 fructusque

144 1210 328 1249 doctrinae
355 1211 519 1263 percipis
539 1224 616 1258 eos,
644 1211 713 1261 qui
740 1209 904 1248 maximi
932 1220 1036 1257 sunt,
1057 1217 1101 1248 ut
1122 1223 1166 1248 ea
1184 1223 1275 1249 con-

143 1266 297 1314 sideres,
324 1278 444 1317 eaque
471 1273 621 1314 tractes,
652 1278 819 1317 quorum
839 1271 876 1302 et
894 1277 986 1301 usus
1013 1271 1049 1302 et
1074 1264 1275 1304 delectatio

144 1327 201 1359 est
217 1320 399 1359 omnibus
417 1320 579 1359 istorum
598 1327 636 1358 et
654 1319 746 1359 actis
772 1326 810 1358 et
828 1317 1091 1370 voluptatibus
1115 1327 1274 1371 antepo-

145 1375 284 1414 nenda.

198 1429 396 1482 Equidem
424 1429 494 1468 hos
517 1437 603 1468 tuos
623 1429 933 1467 Tusculanenses
953 1427 1032 1466 dies
1051 1427 1171 1466 instar
1193 1441 1273 1467 esse

145 1484 234 1524 vitae
251 1491 346 1537 puto
365 1498 375 1530 ;
409 1483 648 1536 libenterque
660 1483 840 1521 omnibus
859 1494 992 1521 omnes
1012 1495 1102 1533 opes
1121 1494 1273 1521 conces-

143 1539 272 1587 serim,
292 1547 338 1577 ut
355 1538 454 1577 mihi
471 1538 598 1586 liceat,
618 1538 656 1576 vi
675 1537 785 1576 nulla
803 1537 1085 1588 interpellante,
1104 1536 1178 1574 isto
1189 1550 1272 1575 mo-

143 1593 193 1633 do
211 1594 348 1633 vivere.
394 1593 514 1641 Quod
543 1605 613 1632 nos
641 1605 796 1644 quoque
820 1591 1034 1639 imitamur,
1065 1598 1109 1628 ut
1138 1604 1272 1642 possa«

142 1661 259 1695 mus3
289 1655 328 1686 et
354 1648 396 1686 in
423 1648 562 1686 nostris
595 1646 731 1686 studiis
759 1645 1010 1684 libentissime
1039 1645 1273 1696 conquiesci-

140 1716 244 1742 mus.
276 1702 378 1750 Quis
397 1702 500 1741 enim
514 1702 587 1741 hoc
605 1713 682 1740 non
695 1700 841 1739 dederit
854 1700 978 1747 nobis,
994 1706 1039 1737 ut
1052 1712 1142 1737 cum
1156 1700 1273 1751 oper&

140 1758 271 1798 nostra
296 1756 421 1809 patria
439 1757 518 1796 sive
536 1769 615 1795 non
642 1755 761 1807 possit
788 1755 861 1801 uti,
890 1754 968 1792 sive
986 1753 1096 1801 nolit,
1118 1753 1168 1792 ad
1186 1767 1273 1793 eam

143 1813 265 1852 vitam
282 1818 532 1860 revertamur,
559 1824 680 1863 quam
707 1809 824 1848 multi
851 1808 954 1847 docti
983 1808 1171 1854 homines,
1192 1808 1272 1846 for-

142 1875 242 1906 tasse
259 1872 339 1905 non
367 1873 482 1913 recte,
506 1865 572 1904 sed
602 1873 738 1915 tamen*
762 1863 879 1902 multi
909 1863 1025 1901 etiam
1053 1862 1272 1914 reipublicae

141 1920 441 1974 praeponendam
459 1926 693 1972 putaverunt
706 1922 724 1958 Ρ
753 1918 856 1967 Quae
869 1917 988 1968 igitur
998 1916 1141 1964 studia,
1161 1925 1272 1968 mag-

141 1988 283 2015 norum
301 1974 507 2014 hominum
527 1973 726 2022 sententie,
740 1972 977 2011 vacationem
995 1970 1139 2009 habent
1155 1971 1270 2009 etiam

139 2031 288 2082 publici
311 2029 498 2077 muneris,
517 2028 580 2077 iis,
601 2028 828 2066 concedente
855 2024 1065 2077 republica,
1095 2038 1163 2063 cur
1190 2037 1270 2063 non

139 2084 376 2124 abutamur?
405 2083 483 2123 Sed
499 2083 589 2135 plus
616 2082 729 2129 facio,
755 2093 872 2132 quam
893 2079 1081 2119 Caninius
1107 2079 1270 2117 manda-

139 2139 207 2179 vit.
243 2139 285 2178 Is
303 2138 423 2186 enim,
444 2138 476 2176 si
503 2137 599 2190 quid
627 2150 697 2188 ego
725 2135 873 2184 scirem,
903 2134 1070 2185 roginat,
1100 2132 1206 2185 quod
1224 2139 1268 2171 tu

138 2193 299 2234 nescires
313 2208 321 2232 :
355 2205 425 2245 ego
444 2192 515 2232 tibi
534 2205 578 2231 ea
592 2203 719 2239 narro,
733 2203 821 2243 quae
833 2196 876 2228 tu
890 2189 1030 2228 melius
1043 2187 1128 2236 seis,
1149 2200 1268 2239 quam
