1481 2422
216 130 293 166 254
427 125 510 163 AD
539 124 836 164 DIVERSOS.
867 123 966 161 L113.
998 122 1074 161 IX.
1105 124 1143 162 9.

212 236 424 288 grationem
439 240 476 272 et
494 234 699 272 emtionem
718 231 876 270 feliciter
893 230 1042 270 evenire
1059 229 1170 274 volo;
1199 234 1330 266 tuum-

212 303 288 342 que
307 290 346 327 in
366 290 410 328 ea
429 301 468 326 re
480 287 681 326 consilium
701 287 832 337 probo.
862 285 968 323 Cura
985 292 1030 323 ut
1048 284 1185 323 valeas.

308 450 397 500 (9.)
426 446 782 486 DOLABELLA
811 444 1091 485 CICERONI
1119 443 1160 482 S.
1180 442 1234 481 D.

267 557 322 600 (Α
329 559 592 606 rgumentum.
605 580 659 587 --
670 554 876 592 Dolabella
894 566 1020 592 socero
1039 565 1108 591 suo
1119 551 1266 599 suadet,
1286 557 1331 588 ut

213 612 274 651 vel
296 624 334 649 se
354 623 442 648 cum
474 609 623 647 Caesare
646 610 870 659 conjungat,
904 608 964 646 vel
986 607 1027 644 in
1055 607 1178 644 otium
1208 617 1247 644 se
1271 616 1331 642 re-

211 666 308 704 ferat
321 680 332 702 ε
363 662 468 715 quod
493 662 597 701 idem
616 662 758 702 Coelius
773 670 957 710 suaserat,
977 661 1045 699 lib.
1065 659 1193 709 VIII,
1219 657 1328 709 epist.

214 720 298 771 16.)

267 826 309 865 Si
328 825 444 873 valeS,
474 823 647 874 gaudeo:
679 830 716 860 et
746 824 827 875 ipse
846 823 968 870 valeo,
994 830 1033 860 et
1049 821 1186 860 Tullia
1202 828 1332 860 nostra

210 888 310 919 recte
324 880 435 917 valet.
456 876 637 916 Terentia
650 876 779 915 minus
797 877 897 915 belle
914 876 1074 915 habuit:
1105 876 1172 914 sed
1185 883 1332 915 certum

211 934 287 972 scio
303 935 386 983 jam
405 931 642 970 convaluisse
661 944 758 968 eam.
804 932 993 969 Praeterea
1016 930 1222 969 rectissime
1240 936 1331 968 sunt

210 987 315 1039 apud
342 995 380 1025 te
399 986 540 1024 omnia.
580 985 667 1022 Etsi
692 986 800 1023 nullo
818 993 989 1036 tempore
1006 984 1048 1022 in
1076 983 1331 1035 suspicionem

209 1042 280 1080 tibi
299 1040 416 1078 debui
434 1039 576 1086 venire,
606 1039 775 1089 partium
803 1040 918 1077 causa
943 1038 1070 1090 potius
1097 1051 1217 1089 quam
1245 1038 1330 1086 tua,

208 1095 281 1133 tibi
311 1093 482 1141 suadere,
518 1101 562 1130 ut
592 1100 630 1130 te
659 1100 726 1130 aut
755 1106 845 1131 cum
874 1092 1024 1130 Caesare
1051 1092 1332 1142 nobiscumque

209 1149 473 1198 conjungeres,
502 1154 570 1185 aut
597 1154 696 1185 certe
714 1146 755 1184 in
775 1147 899 1185 otium
925 1146 1110 1191 referres;
1139 1146 1332 1198 praecipue

208 1215 326 1249 nunc,
357 1203 440 1251 jam
462 1201 646 1239 inclinata
673 1200 844 1248 victoria,
864 1213 912 1238 ne
930 1213 1088 1252 possum
1113 1200 1270 1252 quidem
1289 1199 1330 1238 in

209 1257 331 1295 ullam
351 1255 466 1293 aliam
485 1255 651 1292 incidere
669 1254 902 1305 opinionem,
916 1254 991 1292 nisi
1009 1255 1048 1292 in
1070 1267 1170 1302 eam,
1189 1254 1229 1292 in
1253 1252 1332 1305 qua

209 1310 348 1348 scilicet
366 1309 437 1347 tibi
456 1309 612 1347 suadere
632 1308 773 1356 videar,
795 1308 898 1360 quod
921 1309 984 1359 pie
1003 1315 1125 1346 tacere
1146 1321 1224 1346 non
1242 1320 1330 1359 pos-

208 1376 307 1401 sum.
339 1363 404 1400 Tu
418 1370 562 1407 autem,
583 1362 638 1399 mi
657 1362 804 1409 Cicero,
825 1362 877 1400 sic
892 1362 974 1400 haec
988 1362 1161 1414 accipies,
1177 1370 1234 1409 ut,
1251 1360 1330 1400 sive

206 1418 472 1468 probabuntur
491 1416 574 1461 tibi,
595 1416 672 1453 sive
702 1429 779 1454 non
806 1417 1084 1467 probabuntur,
1112 1417 1160 1454 ab
1183 1415 1330 1467 optimo

207 1479 306 1509 certe
324 1470 467 1518 animo,
488 1483 531 1507 ac
549 1469 783 1508 deditissimo
798 1469 884 1517 tibi,
897 1477 935 1507 et
953 1470 1116 1521 cogitata
1134 1477 1172 1508 et
1190 1470 1329 1521 scripta

207 1537 287 1563 esse
303 1523 462 1573 judices,

258 1577 562 1623 Animadvertis,
585 1577 657 1615 Cn.
674 1577 906 1629 Pompeium
919 1591 988 1616 nec
1002 1578 1169 1616 nominis
1181 1576 1240 1616 sui
1258 1589 1328 1616 nec

206 1644 335 1670 rerum
354 1639 547 1682 gestarum
577 1631 713 1682 gloria,
743 1644 869 1683 neque
897 1632 1013 1670 etiam
1041 1645 1177 1683 regum
1196 1645 1240 1670 ac
1257 1643 1329 1668 na-

204 1687 354 1724 tionum
373 1685 569 1730 clientelis,
591 1698 687 1736 quas
706 1693 893 1724 ostentare
912 1688 1042 1731 crebro
1068 1687 1225 1733 solebat,
1247 1697 1328 1723 esse

204 1748 361 1782 tutum;
393 1746 429 1776 et
455 1738 528 1776 hoc
547 1739 676 1787 etiam,
701 1740 805 1790 quod
832 1740 967 1778 infimo
989 1739 1128 1791 cuique
1153 1738 1325 1790 contigit,

205 1793 263 1831 illi
281 1805 356 1830 non
376 1805 485 1843 posse
503 1793 734 1843 contingere,
755 1801 800 1831 ut
817 1793 974 1832 honeste
1002 1794 1168 1844 effugere
1191 1793 1325 1845 possit,

204 1847 317 1898 pulso
337 1846 467 1892 Italia,
488 1846 639 1884 amissis
659 1847 876 1898 Hispaniis,
904 1855 1014 1898 capto
1037 1847 1204 1885 exercitu
1224 1853 1328 1885 vete-

204 1913 312 1947 rano,
333 1900 617 1938 circumvallato
644 1912 746 1938 nunc
774 1900 961 1951 denique:
995 1901 1099 1952 quod
1123 1901 1248 1940 nescio
1275 1912 1326 1938 an

203 1954 303 1991 nulli
322 1965 496 2004 unquam
514 1961 642 1991 nostro
661 1954 837 1992 acciderit
854 1954 1085 2006 imperatori.

258 2007 540 2054 Quamobrem,
561 2007 655 2058 quid
674 2016 741 2045 aut
767 2008 833 2046 ille
859 2021 1008 2060 sperare
1025 2009 1159 2060 possit,
1180 2016 1249 2048 aut
1266 2016 1325 2057 tu,

204 2062 379 2100 animum
399 2060 552 2098 adverte
571 2074 640 2111 pro
659 2061 727 2099 tua
746 2062 961 2112 prudentia.
1005 2063 1068 2101 Sic
1096 2062 1199 2101 enim
1217 2062 1326 2101 facila

199 2116 306 2162 lime,
322 2114 426 2166 quod
441 2114 511 2152 tibi
526 2114 773 2153 utilissimum
788 2116 871 2165 erit,
886 2116 1032 2154 consilii
1051 2116 1186 2168 capies.
1217 2114 1325 2154 Illud

200 2177 330 2207 autem
350 2181 373 2206 a
392 2175 429 2206 te
443 2175 546 2219 peto,
566 2175 626 2215 ut,
646 2169 678 2206 si
693 2169 775 2218 jam
793 2169 860 2208 ille
879 2170 1075 2208 evitaverit
1092 2171 1165 2209 hoc
1176 2170 1327 2222 pericu-

199 2223 298 2271 lum,
320 2229 357 2260 et
375 2235 415 2260 se
434 2221 621 2260 abdiderit
646 2223 687 2261 in
707 2223 881 2273 classem,
901 2231 943 2262 tu
965 2224 1040 2263 tuis
1057 2225 1172 2265 rebus
1191 2235 1329 2263 consu-
