1481 2422
144 88 223 128 322
347 86 431 127 AD
459 85 761 127 DIVERSOS.
793 86 1066 126 L1B.X.33.

142 195 289 236 toribus
305 196 397 245 illis,
417 196 757 249 portendebantur,
778 196 1015 244 deminuere,
1037 194 1184 235 debetis
1202 208 1271 235 ex-

142 251 312 290 istimare
329 259 521 290 retentum
549 259 586 290 et
614 251 880 290 conservatum
908 250 1130 317 reipublicae
1158 263 1268 296 esse3

142 313 258 357 atque
276 305 331 344 ita
348 306 512 368 credere,
539 306 812 368 quodcumque
843 304 1116 358 imperassetis,
1147 304 1273 344 factu-

141 372 230 398 rum
248 360 382 409 fuisse,
403 360 448 409 si,
468 361 574 413 quod
588 360 770 410 jussistis,
797 359 882 398 feci.
925 360 1034 398 Nam
1059 359 1270 421 etprovin-

142 413 242 452 ciam
260 415 301 452 in
320 414 411 463 otio,
431 422 468 454 et
493 415 704 454 exercitum
734 415 775 453 in
799 427 888 452 mea
914 421 1115 466 potestate,
1135 413 1269 452 tenui.

141 468 285 507 finibus
316 482 413 508 meae
440 469 645 522 provinciae
669 481 865 521 nusquam
893 467 1059 507 excessi.
1089 468 1271 518 militem,

140 535 219 561 non
248 523 364 563 modo
387 524 658 576 legionarium,
686 524 752 562 sed
776 535 825 562 ne
843 522 1093 562 auxiliarium
1112 522 1272 575 quidem

143 577 286 626 ullum,
329 591 526 630 quoquam
563 578 676 616 misi:
718 586 769 625 et,
800 577 832 616 si
861 590 959 629 quos
988 577 1136 629 equites
1164 577 1274 616 dece-

142 631 275 671 dentes
303 641 438 671 nactus
477 646 578 679 sum,
617 632 806 684 supplicio
836 631 956 670 affeci.
997 631 1180 679 Quarum
1212 645 1274 670 re-

140 699 229 724 rum
248 686 419 725 fructum
445 687 535 726 satis
552 699 756 738 magnum,
777 686 975 740 republica
999 685 1120 734 salva,
1139 686 1275 725 tulisse

141 754 205 780 me
222 743 380 792 putabo.
410 742 500 789 Sed,
521 741 738 794 respublica
760 742 791 780 si
823 754 887 780 me
917 740 1007 779 satis
1036 740 1217 790 novisset,
1236 748 1276 780 et

141 796 264 844 major
283 808 372 847 pars
392 798 559 841 senatus,
578 797 744 846 majores
764 809 812 834 ex
831 808 896 834 me
914 795 1062 834 fructus
1080 794 1243 834 tulisset,

196 849 428 901 Epistulam,
449 863 567 902 quam
587 851 727 898 Balbo,
749 863 839 889 cum
859 850 976 888 etiam
1000 862 1106 889 nunc
1124 850 1166 888 in
1184 861 1274 902 pro-

143 905 270 943 vincia
289 912 398 953 esset,
415 905 561 957 scripsi,
581 905 785 957 legendam
805 904 876 944 tibi
894 904 1008 943 misi:
1039 904 1154 943 etiam
1175 917 1275 956 prae-

143 967 305 1007 textam,
337 960 368 997 si
396 959 499 998 voles
524 960 663 1011 legere,
695 960 856 998 Gallum
884 959 1126 1008 Cornelium,
1158 958 1275 997 fami-

143 1014 279 1052 liarem
297 1026 447 1062 meum,
467 1014 622 1066 poscito.
667 1013 730 1053 VI
765 1014 861 1053 Idus
889 1014 1046 1063 Junias,
1077 1013 1273 1053 Corduba.

148 1068 260 1108 Vale.

299 1234 422 1285 (33.)
453 1234 672 1276 POLLIO
701 1233 986 1275 CICERONI
1015 1234 1055 1274 S.
1073 1233 1122 1273 P.

199 1358 529 1410 (Argumentum.
545 1385 600 1392 --
613 1358 803 1411 Deplorat
816 1367 1012 1410 acceptam
1031 1357 1165 1410 proelio
1177 1356 1275 1396 Mu-

144 1412 286 1451 tinensi
304 1413 524 1465 reipublicae
542 1413 800 1452 calamitatem
815 1427 827 1460 ς
859 1425 976 1465 seque
994 1412 1193 1452 communi
1213 1411 1275 1450 in-

143 1466 276 1506 cendio
294 1480 489 1507 occurrere
507 1475 687 1520 paratum
706 1467 901 1516 ostendit.)

197 1618 303 1658 S.V.
323 1619 373 1657 B.
394 1617 444 1657 E.
465 1617 515 1656 E.
537 1617 590 1666 Q.
603 1618 656 1657 V.
684 1617 802 1666 Quod
821 1617 969 1656 tardius
984 1616 1121 1656 certior
1138 1616 1273 1656 fierem

142 1673 191 1712 de
209 1673 351 1725 proeliis
371 1672 474 1725 apud
493 1672 693 1711 Mutinam
710 1672 834 1720 factis,
856 1671 1030 1724 Lepidus
1049 1671 1186 1720 effecit,
1206 1671 1276 1724 qui

142 1740 250 1767 meos
268 1727 501 1775 tabellarios,
527 1739 666 1766 novem
686 1727 780 1774 dies,
801 1727 985 1772 retinuit,
974 1741 984 1750 ·
1016 1726 1169 1765 tametsi
1188 1733 1275 1764 tan-

145 1790 226 1821 tam
245 1782 502 1821 calamitatem
528 1781 748 1833 reipublicae
765 1794 886 1833 quam
904 1756 1119 1819 tardissime
1141 1780 1276 1819 audire

142 1836 359 1893 optandum
391 1844 472 1883 est3
503 1836 569 1874 sed
588 1837 678 1885 illis,
700 1836 768 1888 qui
786 1835 963 1888 prodesse
981 1835 1080 1874 nihil
1098 1842 1273 1887 possunt,

144 1903 271 1943 neque
281 1891 438 1929 mederi.
452 1891 587 1942 Atque
601 1891 750 1929 utinam
766 1891 900 1928 eodem
913 1893 1075 1928 senatus·
1083 1889 1272 1951 consulto,

142 1959 221 1998 quo
240 1945 432 1984 Plancum
452 1954 490 1984 et
509 1945 609 1997 Lepi
596 1945 734 1983 ''dum
723 1957 763 1983 m
786 1944 941 1983 Italiam
967 1944 1187 1992 arcessistis,
1206 1956 1273 1984 me

142 2012 298 2053 quoque
325 1999 530 2050 jussissetis
561 1999 715 2038 venire!
747 1999 924 2038 Profecto
956 2011 1033 2038 non
1066 1998 1273 2051 accepisset

143 2055 358 2106 respublica
376 2054 448 2093 hoc
466 2055 632 2093 vulnus:
662 2067 742 2106 quo
769 2054 802 2093 si
820 2054 889 2106 qui
915 2052 1124 2092 laetantur
1113 2065 1154 2091 111
1173 2066 1273 2105 prae-

143 2109 279 2157 sentia,
310 2108 402 2161 quia
434 2108 612 2147 videntur
640 2117 677 2147 et
706 2108 822 2147 duces
851 2115 888 2147 et
913 2108 1081 2147 veterani
1109 2107 1272 2147 Caesaris

145 2163 312 2214 partium
353 2163 564 2208 inter-imm
605 2171 733 2202 tamen
766 2162 1013 2215 postmodum
1041 2173 1191 2202 necesse
1215 2170 1271 2201 est

144 2217 310 2266 doleant,
331 2230 421 2258 cum
441 2217 656 2257 vastitatem
673 2217 804 2262 *Italiae
829 2218 1076 2270 respexerint.
1107 2216 1214 2255 Nam
1234 2222 1286 2255 et·
