1501 2407
195 109 276 151 152
398 107 483 149 AD
511 107 809 150 DIVERSOS.
838 108 939 150 Lm.
966 107 1046 149 VI.
1071 109 1114 150 3-

192 217 291 257 101111
308 217 498 266 detractis,
517 217 649 258 civitas
673 216 937 271 respiraverim
966 224 1006 258 et
1031 217 1217 270 dignitate
1233 218 1315 259 frui

192 272 278 322 tibi,
299 280 337 312 et
353 273 531 322 fortunis,
549 273 702 312 licebit:
732 274 791 311 sin
815 272 973 312 omnino
994 272 1204 312 interierint
1228 285 1313 312 mn-

192 327 272 375 nia,
287 327 479 380 fueritque
495 328 528 366 is
542 328 682 375 exitus,
695 340 812 379 quem
826 327 885 366 vir
897 327 1232 379 prudentissimus,
1247 326 1313 365 M-

191 381 404 429 Antonius‚
417 383 500 432 jam
511 389 597 420 tum
615 382 793 443 timebat,
804 394 893 420 cum
907 390 1060 420 tantum
1079 381 1220 420 instare
1229 394 1314 420 ma—

191 436 319 475 lorum
339 436 626 498 5115Ρίε3113ωις
655 436 795 474 misera
813 443 869 474 est
881 436 949 474 1113
967 435 1125 488 quidem
1141 432 1313 474 00115013-

191 490 259 538 tio,
280 490 348 529 tali
365 491 576 542 praesertim
595 490 668 530 civi
686 497 723 529 et
741 491 836 538 viro,
856 490 922 529 sed
941 497 1070 529 tamen
1088 489 1312 537 necessaria,

192 544 292 583 nihil
308 558 386 584 esse
413 545 603 597 praecipue
631 544 811 596 cuiquam
839 544 1084 583 dolendum
1072 557 1113 582 111
1143 557 1188 583 eo
1206 544 1312 596 quod

189 599 336 638 accidat
353 599 548 638 universis.
578 599 680 647 Quae
698 599 754 637 vis
772 599 862 638 insit
880 599 921 637 in
939 599 999 637 his
1022 599 1154 650 paucis
1172 599 1312 646 verbis,

192 654 322 705 (plura
350 654 453 692 enim
473 653 746 692 committenda
770 653 937 714 epistolae
954 665 1032 691 non
1050 660 1174 700 erant)
1205 653 1236 692 si
1254 660 1313 691 at-

190 707 324 746 tendes
343 707 464 759 (quod
482 707 610 757 facis),
631 707 813 758 profecto,
833 707 948 746 etiam
967 707 1048 746 sine
1068 707 1165 746 meis
1178 707 1313 756 literis,

191 761 396 813 intelliges,
413 770 450 800 te
461 761 607 812 aliquid
621 762 760 800 habere
778 761 882 813 quod
901 774 1046 813 sperem
1068 761 1180 809 nihil,
1192 761 1312 813 quod,

189 823 259 855 aut
277 816 349 855 hoc
367 823 434 854 aut
452 816 582 867 aliquo
600 815 819 867 reipublicae
845 823 961 864 statu,
991 816 1153 854 timeas:
1183 815 1314 854 omnia

191 870 225 909 si
243 869 468 916 interierint,
497 882 587 908 cum
603 870 846 921 superstitem
864 877 902 909 te
920 882 1000 909 &se
1017 870 1251 922 reipublicae,
1265 881 1316 911 ne

190 924 223 964 si
239 924 352 962 liceat
371 923 542 976 quidem,
562 924 669 971 velis,
689 924 885 962 ferendam
898 937 976 963 esse
989 924 1198 973 fortunam,
1213 937 1312 976 prae-

189 978 321 1018 sertim
351 991 439 1030 quae
468 978 566 1016 absit
595 992 618 1016 a
647 978 773 1030 culpa„
803 978 879 1018 Sed
907 979 990 1018 haec
1017 979 1211 1017 hactenus.
1242 978 1306 1017 Tu

189 1033 305 1071 velim
325 1032 464 1071 scribas
482 1032 532 1070 ad
549 1045 627 1081 me,
648 1033 743 1085 quid
761 1046 865 1084 agas,
895 1040 934 1072 et
955 1032 1024 1072 ubi
1053 1033 1207 1071 futurus
1232 1032 1308 1079 sis3

188 1095 247 1134 ut,
268 1094 335 1125 aut
353 1100 430 1139 quo
449 1087 626 1136 scribam,
656 1094 724 1126 aut
749 1100 826 1140 quo
843 1099 1010 1137 veniam,
1041 1087 1135 1127 scire
1152 1087 1308 1140 possim.

189 1141 301 1181 Vale.

292 1300 382 1353 (3.)
421 1298 484 1340 M.
501 1298 551 1339 Τ.
566 1300 612 1340 C.
640 1301 682 1340 S.
697 1299 751 1340 D.
781 1300 836 1340 A.
866 1298 1207 1350 TORQUATO.

244 1408 570 1460 (Argumentum.
583 1430 636 1438 —-
653 1409 883 1448 Consolatur
899 1411 968 1459 ita,
996 1418 1042 1449 ut
1065 1412 1162 1449 bene
1179 1415 1309 1448 actum

187 1475 279 1501 cum
293 1463 339 1501 iis
354 1470 477 1515 putet,
497 1464 566 1515 qui
584 1471 672 1502 ante
684 1465 831 1503 exitum
846 1465 966 1504 civilis
976 1465 1069 1503 belli
1087 1477 1135 1503 ex
1147 1463 1227 1502 vita
1240 1463 1308 1502 de·

187 1516 376 1555 cesserint.
416 1517 602 1556 Miserius
620 1519 724 1557 enim
746 1526 869 1558 morte
898 1532 991 1568 esse,
1021 1519 1076 1557 ita
1097 1518 1237 1567 vivere,
1264 1524 1311 1556 ut

186 1578 274 1622 post
290 1571 581 1623 utriuscumque
585 1572 716 1633 partis
727 1573 923 1612 victoriam
938 1573 1146 1612 vivendum
1158 1585 1237 1611 esse
1249 1571 1309 1610 di-

186 1624 305 1663 vinat.
334 1626 460 1664 Addit
489 1625 703 1677 graviorem
732 1628 1043 1689 consolationem,
1073 1627 1174 1674 vim,
1205 1625 1310 1678 quod

187 1691 331 1718 vacuus
350 1680 399 1718 sit
417 1681 557 1732 culpa3
587 1688 754 1731 mortuo,
781 1681 886 1733 quod
911 1682 1097 1721 cariturus
1115 1681 1164 1719 sit
1181 1692 1307 1719 sensu.

183 1733 336 1826 {gripta
352 1735 529 1787 proxime
546 1742 632 1787 post
649 1737 816 1788 primam
835 1736 1048 1789 epistolam,
1067 1742 1156 1775 ante
1174 1747 1308 1774 secun-

236 1794 308 1837 m·)

238 1896 506 1949 Superioribus
523 1898 655 1947 literis,
675 1899 939 1939 benevolentia
956 1899 1080 1951 magis
1099 1898 1300 1947 adductus,

180 1964 304 2003 quam
327 1952 432 2004 quod
464 1966 522 1992 res
546 1954 601 1992 ita
629 1955 853 2005 postularet,
881 1954 940 1993 fui
968 1954 1129 2005 longior.
1159 1953 1302 2004 Neque

183 2005 286 2044 enim
306 2005 593 2046 confirmatione
617 2008 746 2047 nostra
765 2010 900 2060 egebat
917 2008 1038 2047 virtus
1055 2016 1149 2053 tua;
1178 2019 1306 2059 neque

185 2067 265 2098 erat
285 2073 330 2098 ea
354 2072 441 2099 mea
460 2074 573 2100 causa
590 2069 706 2114 atque
723 2062 892 2113 fortuna,
912 2070 970 2112 ut,
999 2062 1062 2101 cui
1083 2062 1158 2114 ipsi
1175 2061 1306 2100 omnia

183 2113 371 2163 deessent,
403 2115 569 2154 alterum
594 2117 871 2156 confirmarem.
901 2117 991 2156 Hoc
1014 2117 1106 2155 item
1135 2123 1308 2167 tempore

185 2168 335 2208 brevior
363 2182 445 2208 esse
473 2170 604 2210 debeo.
644 2171 734 2210 Sive
761 2172 866 2211 enim
892 2171 990 2211 nihil
1011 2179 1096 2210 tum
1114 2182 1212 2222 opus
1230 2169 1307 2208 fuit

180 2229 261 2262 tam
280 2223 413 2265 multis
433 2224 569 2277 verbis,
589 2224 711 2265 nihilo
731 2226 856 2278 magis
875 2239 979 2267 nunc
996 2238 1094 2280 opus
1112 2231 1194 2266 est:
1221 2224 1302 2264 sive
