1481 2422
308 87 394 127 AD
422 86 723 129 DIVERSOS.
752 87 856 130 Iam.
874 87 979 129 XII.
1009 90 1048 135 7.
1163 91 1243 130 365

107 203 220 247 ortes,
258 197 403 260 partim
446 196 639 250 improbi.
680 198 860 238 nonnulli
894 199 1068 239 invident
1104 211 1238 240 eorum

105 252 230 301 laudi,
261 264 359 304 quos
388 251 429 291 in
462 265 504 291 re
531 251 691 305 publica
714 253 870 306 probari
900 253 1045 293 vident.
1093 254 1239 307 Populi

104 319 195 347 vero
214 305 386 346 Romani
403 306 598 359 totiusque
617 306 742 346 Italiae
759 307 859 346 mira
877 309 1071 348 consensio
1090 315 1158 348 ost.

158 362 258 401 Haec
276 368 385 400 erant
402 360 494 410 fere,
516 375 605 414 quae
623 361 694 401 tibi
713 370 805 402 nota
823 375 904 402 esse
922 363 1074 402 vellem.
1114 364 1236 404 Nunc

102 423 235 455 autem
247 423 354 467 opto,
374 423 420 454 ut
437 417 486 455 ab
504 415 587 455 istis
601 415 773 456 Orientis
791 417 965 469 partibus
984 417 1136 457 virtutis
1155 425 1234 459 tuae

104 469 239 510 lumen
258 471 417 510 eluceat.
447 470 561 511 Vale.

251 632 344 685 (6.)
372 631 436 672 M.
457 631 510 672 T.
531 631 578 673 C.
608 631 657 672 C.
677 631 877 674 CASSIO
906 634 1008 674 S.P.
1026 632 1082 674 D.

106 779 109 782 ,
169 744 498 798 (Argumentum.
513 768 566 775 —
579 747 809 787 Strabonem
841 746 999 799 oblique
1034 757 1233 786 commen-

97 798 184 839 dat:
206 800 248 839 in
268 800 400 840 Cassio
418 808 456 840 et
467 801 530 840 M.
550 801 692 851 Bruto,
709 802 742 840 si
760 814 820 840 ιω
839 801 889 840 ad
907 801 1109 840 Mutinam
1128 800 1231 840 male

97 861 270 906 geratur,
290 868 399 908 spem
412 868 569 895 omnem
588 855 681 908 reip.
703 856 818 895 sitam
836 869 916 895 esse
933 854 1060 906 dicit.)

153 963 237 1013 Qui
256 971 376 1004 status
387 977 518 1003 rerum
537 964 654 1003 fuerit
672 972 772 1013 tum,
793 977 884 1003 cum
897 964 966 1003 has
985 964 1113 1003 literas
1128 962 1232 1013 dedi,

98 1018 192 1058 scire
209 1019 351 1071 poteris
370 1032 418 1058 ex
439 1019 484 1058 C.
507 1019 624 1058 Tidio
644 1020 844 1066 Strabone,
874 1018 953 1058 viro
971 1020 1087 1067 bono,
1108 1025 1146 1057 et
1164 1031 1235 1070 op-

97 1072 192 1112 time
211 1073 259 1113 de
277 1087 318 1112 re
336 1074 493 1126 publica
512 1073 722 1113 sentiente:
753 1085 845 1112 nam
875 1072 971 1125 quid
998 1073 1139 1121 dicam,
1164 1085 1233 1111 cu-

95 1127 296 1180 pidissimo
314 1128 386 1176 tui,
417 1128 500 1181 qui,
532 1128 648 1167 domo
678 1135 715 1167 et
745 1127 910 1166 fortunis
939 1127 1093 1175 relictis,
1125 1126 1174 1166 ad
1193 1134 1232 1166 te

93 1182 342 1234 potissimum
360 1183 553 1234 profectus
573 1183 622 1221 sit
642 1185 660 1222 ?
691 1183 831 1234 Itaque
851 1195 942 1221 eum
961 1182 1032 1221 tibi
1051 1195 1100 1220 ne
1123 1194 1231 1220 com-

95 1237 239 1276 mendo
276 1237 460 1289 quidem:
492 1237 680 1277 adventus
708 1237 830 1290 ipsius
863 1235 913 1276 ad
948 1244 987 1275 te
1018 1235 1109 1276 satis
1139 1248 1231 1274 eum

96 1291 397 1331 commendabit.

149 1346 233 1395 Tu,
247 1346 379 1394 velim,
396 1346 450 1385 sic
464 1345 677 1395 existimes,
692 1345 841 1398 tibique
854 1343 1098 1406 persuadeas,
1115 1356 1232 1383 omne

206 1400 318 1452 gium
346 1402 537 1440 bonorum
565 1401 606 1439 in
626 1409 664 1440 te
683 1408 720 1440 et
738 1401 864 1440 Bruto
887 1413 966 1439 oese
992 1399 1177 1451 positum,
1198 1398 1231 1437 si

95 1455 221 1509 (quod
239 1453 381 1506 nolim)
402 1455 551 1494 adversi
579 1455 675 1508 quid
700 1455 877 1494 evenerit.
922 1454 1018 1503 Res,
1039 1466 1129 1492 cum
1146 1453 1230 1491 haec

93 1510 322 1558 scribebam,
354 1517 435 1549 erat
470 1510 512 1548 in
550 1518 769 1549 extremum
806 1508 974 1549 adducta
1008 1507 1226 1547 discrimen.

91 1565 244 1604 Brutus
257 1564 362 1603 enim
376 1564 548 1603 Mutinae
559 1565 627 1603 vix
636 1566 721 1615 jam
740 1564 964 1603 sustinebat.
994 1562 1077 1611 Qui
1093 1562 1124 1601 si
1139 1574 1232 1601 con-

92 1626 264 1658 servatus
297 1619 382 1668 erit,
416 1619 606 1658 vicimus:
645 1619 720 1668 sin,
741 1618 864 1671 (quod
882 1618 953 1657 Dii
982 1630 1097 1657 omen
1121 1628 1231 1655 aver-

92 1680 176 1713 tant
191 1671 226 1723 2)
252 1673 378 1712 omnis
408 1673 585 1711 omnium
615 1686 748 1712 cursus
779 1679 835 1711 est
863 1673 913 1711 ad
940 1685 1018 1712 vos.
1061 1670 1230 1709 Proinde

90 1727 153 1767 fac
171 1728 349 1766 animum
374 1734 530 1766 tantum
546 1728 703 1777 habeas,
724 1735 956 1779 tantumque
981 1733 1227 1779 apparatum,

90 1790 239 1835 quanto
263 1794 362 1834 opus
388 1789 445 1821 est
462 1782 513 1822 ad
530 1782 751 1822 universam
770 1781 1052 1834 rempublicam
1070 1792 1230 1832 recupe-

93 1836 270 1877 tandam.
299 1836 413 1877 Vale.

255 1999 349 2050 (7.)
377 1998 442 2040 Μ.
462 1998 515 2040 Τ.
537 2000 583 2041 C.
614 2000 661 2041 C.
682 1996 883 2041 CASSIO
913 1998 954 2039 S.
975 1997 1023 2037 P.
1043 1995 1099 2037 D.

146 2108 475 2162 (Argumentum.
487 2111 795 2152 —Sententiam
820 2123 845 2148 a
877 2122 917 2149 se
944 2108 987 2162 ιιι
1020 2114 1156 2148 senatu
1181 2119 1232 2146 ex

91 2161 283 2217 dignitate
302 2165 425 2205 Cassii
452 2165 613 2218 dictam,
632 2163 918 2218 eamdemque
907 2176 950 2204 in
968 2163 1148 2204 concione
1165 2161 1233 2202 de-

88 2217 259 2271 fensam,
278 2219 501 2273 significat.)

847 2275 956 2312 213
