1481 2422
252 93 336 134 AD
364 92 666 135 DIVERSOS.
694 93 799 133 Lm.
815 94 920 134 XII.
948 95 1015 135 23.
1116 94 1195 139 387

68 202 264 256 praeteriit,
284 210 323 242 et
339 203 462 243 levius
480 210 549 243 est.
593 202 692 243 Haec
718 216 863 256 magna
886 216 947 242 res
965 210 1045 242 est:
1074 202 1135 240 fac
1153 209 1199 240 ut

66 258 305 310 provinciam
335 258 499 297 retineas
528 258 570 296 in
602 265 788 309 potestate
812 258 1046 310 reipublicae.
1076 257 1198 295 Plura

68 312 317 364 scripsissem,
351 312 427 351 nisi
457 312 516 351 tui
547 312 782 352 festinarent.
829 311 969 365 Itaque
1002 311 1198 363 Cherippo

69 373 198 406 nostro
215 379 280 405 me
297 366 414 406 velim
433 379 601 407 excuses.
632 367 744 407 Vale.

173 527 292 579 (23.)
321 526 385 566 Μ.
398 526 450 565 Τ.
464 526 511 566 C.
541 526 589 573 Ρ.
611 523 960 567 CORNIFICIO
989 525 1030 565 S.
1043 523 1098 562 D.

124 636 452 687 (Argumentum.
468 635 759 688 -Respondet
778 634 828 674 ad
853 648 911 684 ea,
940 647 1029 687 quae
1053 634 1202 673 Strato-

69 689 150 729 rius
168 691 412 729 nuntiaverat
423 690 471 729 de
489 690 709 742 provincia:
741 689 879 729 deinde
893 688 1112 742 reipublicae
1122 688 1201 727 for,

69 757 177 784 mam
195 744 387 795 describit,
403 752 442 784 et
459 745 744 798 philosophiam
760 742 926 795 laudat.)

124 852 300 893 Omnem
318 853 577 893 conditionem
594 853 747 906 imperii
771 854 844 903 tui,
873 860 1095 904 statumque
1111 863 1202 904 pro-

68 907 218 956 vinciae,
238 908 337 946 mihi
358 909 632 948 demonstravit
651 909 872 948 Stratorius.
903 908 942 948 O
957 908 1083 946 multa
1100 906 1201 944 into-

69 963 242 1002 lerabih'a
260 963 352 1001 locis
371 963 578 1002 omnibus.
569 964 577 990 '
601 963 692 1012 Sed,
707 976 784 1016 quo
797 972 865 1002 tua
878 964 1004 1012 major
1018 961 1198 1022 dignitas,

70 1030 129 1065 e0,
146 1030 234 1069 quae
251 1017 323 1056 tibi
338 1017 570 1065 acciderunt,
587 1018 717 1056 minus
729 1017 896 1056 terenda.
927 1017 1069 1068 Neque
1081 1016 1199 1062 enim,

69 1084 158 1123 quae
183 1078 226 1110 tu
255 1078 411 1124 propter
432 1072 743 1124 magnitudinem
774 1079 811 1110 et
834 1071 956 1110 animi
986 1078 1024 1108 et
1055 1068 1202 1121 ingemi

69 1125 265 1164 moderate
282 1125 371 1175 fers,
387 1140 412 1165 a
430 1134 468 1165 te
486 1139 564 1165 non
582 1126 799 1166 ulciscenda
817 1133 921 1175 sunt,
942 1125 1059 1164 etiam
1077 1124 1110 1163 si
1123 1135 1202 1162 non

69 1187 161 1218 sunt
179 1180 355 1219 dolenda.
384 1181 461 1220 Sed
478 1181 560 1220 haec
578 1181 778 1233 posterius.

125 1234 277 1273 Rerum
288 1237 527 1274 urbanarum
540 1236 645 1274 Acta
663 1236 734 1274 tibi
744 1235 849 1274 mitti
864 1242 966 1274 certo
980 1233 1076 1273 scio:
1099 1231 1205 1284 quod

70 1288 112 1327 ni
130 1288 186 1327 ita
202 1297 395 1341 putarem,
417 1290 499 1342 ipse
517 1290 802 1343 perscriberem,
823 1290 863 1328 in
882 1290 1096 1342 primisque
1116 1287 1205 1327 Cae-

71 1343 165 1381 saris
181 1343 388 1383 Octaviani
407 1352 614 1391 conatum3
645 1344 693 1383 de
713 1358 790 1397 quo
804 1344 1049 1383 multitudini
1067 1343 1202 1380 fictum

68 1399 118 1436 ab
138 1398 312 1437 Antonio
337 1399 483 1437 crimen
502 1399 666 1448 videtur,
696 1407 741 1438 ut
759 1400 800 1438 in
820 1399 1026 1451 pecuniam
1055 1397 1202 1435 adoles-

68 1453 187 1491 centis
204 1453 398 1505 impetum
418 1453 570 1493 faceret.
600 1454 816 1492 Prudentes
830 1461 961 1492 autem
976 1460 1014 1491 et
1026 1451 1120 1491 boni
1131 1451 1204 1489 viri

69 1513 108 1545 et
126 1507 287 1546 credunt
304 1508 466 1554 factum,
483 1515 520 1547 et
538 1510 715 1560 probant.
746 1508 856 1557 Quid
871 1508 1039 1560 quaeris?
1059 1518 1204 1557 magna

68 1574 154 1613 spes
174 1569 230 1600 est
247 1562 289 1599 in
310 1576 366 1601 eo.
397 1563 512 1601 Nihil
527 1571 596 1613 est,
613 1563 718 1616 quod
733 1576 811 1602 non
823 1563 1064 1602 existimetur
1074 1560 1201 1599 laudis

69 1625 108 1654 et
125 1615 258 1667 gloriae
275 1617 392 1655 causa
409 1617 591 1656 facturus.

122 1670 318 1708 Antonius
347 1678 495 1719 autem,
521 1679 628 1710 noste
630 1685 649 1709 r
673 1671 888 1721 familiaris,
909 1677 1017 1709 tanto
1043 1683 1082 1708 se
1114 1669 1202 1708 odio

67 1737 149 1763 esse
167 1724 362 1776 intelligit,
382 1732 442 1773 ut,
471 1738 562 1763 cum
587 1726 846 1764 interfectores
865 1738 952 1764 suos
971 1724 1078 1762 domi
1096 1737 1203 1762 com-

66 1779 276 1830 prenderit,
296 1792 379 1817 rem
397 1779 566 1831 proferre
583 1792 663 1818 non
682 1780 831 1818 audeat.
862 1779 917 1817 A.
938 1779 977 1816 d.
998 1777 1085 1816 VII
1106 1778 1201 1817 Idus

67 1833 266 1882 Octobris,
287 1833 544 1872 Brundisium
564 1842 644 1873 erat
657 1834 850 1886 profectus
868 1833 1022 1872 obviam
1041 1833 1203 1884 legioni-

66 1889 142 1926 bus
161 1887 422 1927 Macedonicis
439 1887 516 1937 IV,
533 1901 630 1940 quas
649 1889 723 1928 sibi
742 1889 942 1928 conciliare
959 1888 1125 1939 pecunia
1138 1900 1202 1926 co-

66 1941 228 1993 gitabat,
250 1955 389 1994 easque
408 1943 458 1981 ad
476 1944 628 1982 Urbem
647 1943 849 1993 adducere,
870 1950 908 1982 et
932 1942 973 1980 in
992 1941 1202 1980 cervicibus

67 1997 208 2036 nostris
224 1997 419 2036 collocare.

123 2051 259 2090 Habes
277 2051 445 2091 formam
463 2051 698 2119 reipublicae,
719 2053 751 2091 si
769 2052 810 2090 in
829 2051 961 2090 castris
978 2058 1104 2103 potest
1121 2063 1202 2089 esse

67 2105 309 2157 respublica:
339 2106 380 2145 in
411 2120 492 2159 qua
521 2114 631 2146 tuam
656 2108 780 2146 vicem
809 2119 911 2158 saepe
939 2105 1063 2151 doleo,
1095 2105 1202 2157 quod

68 2160 220 2198 nullam
238 2167 402 2223 partem?
418 2174 488 2214 per
506 2168 672 2211 aetatem,
687 2175 790 2201 sanae
802 2169 839 2200 et
853 2161 968 2199 salvae
979 2159 1199 2212 reipublicae

67 2221 224 2266 gustare
240 2215 412 2269 potuisti.
443 2217 576 2269 Atque
593 2217 755 2256 antehac
772 2215 931 2269 quidem
949 2227 1102 2267 sperare
1124 2213 1198 2254 531·
