1481 2422
216 85 297 124 290
429 79 513 121 AD
543 78 842 121 DIVERSOS.
871 79 974 120 11113.
1002 80 1058 120 X.
1086 83 1128 122 9.

216 192 389 247 quinque
415 191 489 230 sub
517 189 649 242 signis,
670 196 708 229 et
726 188 796 229 su&
814 187 890 228 fide
912 189 1129 243 virtuteque
1151 189 1343 244 reipubli-

215 262 270 288 cae
288 244 630 297 conjunctissimas,
650 251 688 283 et
705 243 836 283 nostr&
856 244 1083 284 liberalitate
1101 245 1211 284 nobis
1228 246 1338 285 obse-

213 312 398 357 quentes;
428 299 677 352 provinciam,
707 299 884 337 omnium
908 299 1106 338 civitatum
1135 312 1335 348 consensu,

211 355 508 411 paratissimam,
530 361 567 392 et
587 351 742 391 summai
764 353 1003 393 contentione
1029 353 1079 392 ad
1106 354 1231 394 officia
1254 367 1336 393 cer-

211 419 357 452 tantem
373 423 386 457 3
427 409 617 461 equitatus
664 408 975 459 auxiliorumque
1017 415 1144 448 tantas
1190 409 1333 461 copi-213,

211 473 374 519 quantas
392 464 454 502 hae
475 471 619 515 gentoe,
647 462 696 500 ad
721 462 1000 501 defendendam
1029 476 1140 502 suam
1168 464 1334 503 salutem
1388 504 1391 505 γ

208 523 514 569 libertatemque,
530 515 711 555 conficere
728 524 900 568 possunt.
929 516 1021 568 Ipse
1034 517 1088 556 ita
1102 531 1190 556 sum
1203 518 1335 557 animo

208 583 379 628 paratus,
400 580 444 611 ut
463 571 524 610 vel
547 570 784 622 provinciam
811 570 922 619 tueri,
951 571 1013 610 vel
1031 571 1086 610 ire
1103 585 1182 624 quo
1199 585 1334 624 respu-

208 631 310 669 blica
327 635 447 673 vocet,
468 626 528 664 vel
558 624 705 663 tradere
734 625 958 673 exercitum,
989 626 1148 675 auxilia,
1177 627 1333 678 provin-

209 685 399 736 ciamque,
413 680 473 719 vel
487 692 641 718 omnem
659 679 849 730 impetum
867 679 960 718 belli
973 679 1015 718 in
1026 692 1090 719 me
1101 689 1331 729 convertere,

208 751 286 778 non
315 747 499 783 recusem,
531 734 562 772 si
579 733 695 772 modo
723 746 809 772 meo
828 746 917 772 casu
936 741 1004 773 aut
1022 735 1247 774 confirmare
1263 748 1336 789 pa-

207 794 290 834 triae
309 792 486 836 salutem,
502 796 569 827 aut
587 787 802 840 periculum
820 788 963 840 possim
977 790 1130 828 morari.

264 847 361 886 Haec
381 846 425 891 si,
449 845 533 893 jam
552 841 739 894 expeditis
758 843 938 881 omnibus
956 845 1082 892 rebus,
1103 843 1332 897 tranquillo-

208 915 283 955 que
303 907 402 940 statu
423 897 598 945 civitatis,
618 896 821 948 pollice013
851 897 892 935 in
911 897 1054 936 damno
1072 911 1169 938 meae
1186 899 1328 946 laudis,

206 955 425 1008 reipublicae
444 950 644 990 commodo
661 951 830 990 laetabor.
874 952 943 990 Sin
968 951 1018 990 ad
1035 953 1251 992 societatem
1269 953 1332 991 in-

205 1010 497 1063 tegerrimorum
517 1016 554 1045 et
568 1006 828 1044 maximorum
847 1006 1105 1057 periculorum
1124 1008 1327 1055 accedam3

206 1064 362 1104 consilia
379 1074 467 1100 mea
480 1060 599 1112 aequis
615 1059 809 1109 judicibus
829 1062 877 1098 ab
892 1062 1162 1101 obtrectatione
1179 1062 1331 1101 invido·

205 1133 294 1159 rum
311 1114 548 1156 defendenda
566 1114 802 1153 commendo.
833 1114 939 1153 Mihi
958 1116 1114 1167 quidem
1133 1117 1207 1169 ipsi
1224 1116 1328 1155 fruc-

204 1183 267 1214 tus
299 1172 523 1210 meritorum
550 1181 726 1207 meorum
754 1169 794 1207 in
823 1169 1043 1221 reipublicae
1066 1171 1329 1210 incolumitate

205 1229 296 1268 satis
315 1237 481 1277 magnus
500 1231 555 1262 est
572 1233 739 1275 paratus.
768 1223 849 1262 Eos
868 1237 971 1273 vero,
991 1225 1074 1276 qui,
1094 1238 1222 1264 meam
1237 1238 1328 1264 auc-

203 1283 395 1321 toritatem
415 1286 451 1318 et
479 1278 603 1316 multo
621 1278 744 1328 magis
763 1286 928 1316 vestram
951 1279 1069 1318 fidem
1095 1280 1228 1328 secuti,
1258 1292 1328 1319 nec

201 1337 285 1376 ulla}
304 1348 369 1387 spe
387 1332 510 1384 decipi
539 1344 609 1370 nec
637 1332 718 1370 ullo
746 1340 855 1370 metu
881 1333 1012 1372 terreri
1039 1341 1262 1386 potuerunt,
1281 1341 1327 1373 ut

202 1388 488 1432 commendatos
502 1387 609 1426 robis
627 1385 812 1435 habeatis,
827 1387 1038 1439 petendum
1053 1388 1215 1428 videtur.

376 1543 465 1595 (9.)
496 1543 760 1585 PLANCUS
789 1544 1072 1588 CICERONI
1100 1548 1142 1588 S.

261 1653 586 1704 (Argumentum.
600 1678 656 1687 -
674 1654 800 1693 Suum
819 1655 991 1694 studium
1005 1669 1095 1709 erga
1111 1659 1324 1711 rempubli-

199 1721 284 1748 cam
302 1722 383 1760 prae
397 1721 435 1746 se
449 1708 545 1746 fert:
567 1708 795 1760 dignitatem
814 1721 925 1748 suam
939 1711 1205 1751 commendat:
1253 1715 1322 1754 uid

199 1762 318 1815 egerit
337 1770 374 1801 et
391 1770 545 1802 acturus
564 1763 626 1812 sit,
647 1763 806 1815 exponit
817 1777 830 1802 ε
860 1765 1070 1804 exercitum
1087 1766 1231 1806 laudat.

252 1870 365 1909 Nihil
384 1883 449 1910 me
467 1871 537 1910 tibi
555 1878 710 1919 temere,
730 1879 797 1910 aut
815 1879 853 1910 te
866 1873 1009 1912 caeteris
1026 1873 1074 1914 de
1086 1887 1165 1925 me,
1179 1876 1322 1918 frustra

197 1925 380 1977 recepisse
397 1926 519 1964 laetor.
550 1926 663 1965 Certe
680 1926 752 1965 hoc
770 1927 897 1976 majus
922 1927 1039 1967 habes
1057 1931 1322 1972 testimonium

196 1979 338 2019 amoris
356 1979 448 2028 mei,
468 1992 546 2031 quo
562 1980 752 2019 maturius
771 1980 855 2028 tibi,
875 1994 995 2033 quam
1013 1984 1170 2033 caeteris,
1198 1987 1321 2025 consi-

195 2035 248 2073 lia
265 2047 353 2072 mea
371 2034 477 2072 volui
491 2046 572 2073 esse
584 2041 686 2073 nota.
717 2035 767 2073 In
781 2034 861 2073 dies
873 2048 961 2074 vero
973 2037 1198 2077 meritorum
1212 2052 1320 2079 meo-

195 2102 286 2128 rum
315 2087 397 2126 fieri
426 2088 667 2136 accessiones,
695 2089 903 2141 praevidere
923 2098 963 2128 te
980 2103 1115 2143 spero:
1146 2095 1321 2145 cognitu.

195 2155 286 2181 rum
303 2140 428 2193 magis
446 2142 600 2194 recipio.
630 2142 750 2191 Quod
768 2143 818 2182 ad
836 2155 900 2182 me
917 2145 1067 2195 attinet,
1094 2147 1152 2186 mi
1169 2147 1318 2197 Cicero,

195 2197 270 2251 (ita
281 2198 330 2236 ab
348 2196 641 2238 imminentibus
653 2197 765 2237 malis
777 2199 1006 2250 respublica,
1020 2213 1084 2241 me
1097 2201 1319 2253 adjuvante,
