1481 2422
185 91 269 130 31ss
394 90 478 130 AD
506 88 806 131 DIVERSOS.
837 89 940 129 Lm.
958 89 1014 131 X.
1041 91 1111 130 31.

185 199 309 238 tinam
326 199 480 249 recepit.
510 199 664 238 Hirtius
677 199 718 238 in
730 211 775 239 ω
786 206 907 239 castra
917 197 1044 246 rediit,
1063 197 1168 238 unde
1182 199 1312 238 Pansa

181 255 339 301 exierat,
359 254 428 292 ubi
445 253 541 292 duas
559 254 727 305 legiones
741 254 960 305 reliquerat,
975 266 1063 305 quae
1074 254 1123 291 ab
1134 253 1312 292 Antonio

183 315 292 347 erant
310 315 553 360 oppugnatae.
583 308 646 347 Sic
674 315 823 360 partem
851 309 1039 357 majorem
1067 321 1225 345 suarum
1247 320 1311 346 co-

182 362 336 414 piarum
355 362 552 400 Antonius
571 363 700 400 amisit
718 371 994 401 veteranarum.
1023 361 1109 399 Nec
1122 361 1164 400 id
1180 370 1311 400 tamen

185 416 266 455 sine
284 416 415 468 aliqua
430 417 581 465 jactura
600 417 814 455 cohortium
832 416 1148 468 praetorianarum
1161 422 1312 454 nostra-

183 483 288 519 rum,
309 478 346 508 et
373 471 533 521 legionis
553 470 723 518 Martiae,
743 471 825 509 fieri
849 470 986 521 potuit.
1029 469 1190 521 Aquilae
1207 470 1310 517 duae,

182 525 294 576 signa
312 525 510 575 sexaginta
536 532 625 562 sunt
643 525 762 562 relata
780 524 956 562 Antonii.
988 524 1067 562 Res
1092 525 1189 562 bene
1207 531 1315 575 gesta

182 587 252 618 est.
280 579 337 618 A.
351 579 389 618 d.
410 579 500 618 XII
520 578 708 618 calendas
728 578 845 628 Maii,
865 592 914 618 ex
932 577 1074 617 castris.
1103 578 1220 618 Vale.

188 737 302 790 (31.)
334 737 380 778 C.
396 739 632 779 ASINIUS
652 737 869 778 POLLIO
899 737 1182 779 CICERONI
1201 738 1241 779 S.
1254 738 1310 778 D.

239 848 566 898 (Argumentum.
579 871 633 876 —-
644 847 946 887 Excusationem
961 847 1085 892 affert,
1105 847 1210 900 quod
1228 854 1312 886 stu-

183 901 294 940 dium
314 915 404 953 erga
421 902 700 954 rempublicam
715 915 830 941 suum
849 902 1024 941 nondum
1043 902 1309 941 declaraverit:

184 969 301 1008 seque
317 956 502 996 libertatis
521 956 790 1009 recuperandae
807 956 1061 1009 percupidum
1079 956 1274 1005 ostendit.)

239 1064 410 1104 Minime
427 1065 574 1103 mirum
595 1065 666 1104 tibi
693 1065 806 1105 debet
830 1065 964 1114 videri,
985 1065 1083 1104 nihil
1100 1078 1164 1104 me
1192 1064 1312 1117 scrip·

182 1118 275 1158 sisse
294 1120 341 1158 de
360 1133 401 1158 re
428 1120 598 1171 publica,
630 1128 881 1172 posteaquam
909 1120 1009 1158 itum
1038 1127 1094 1158 est
1121 1120 1171 1158 ad
1189 1132 1311 1158 arma.

182 1174 292 1212 Nam
311 1174 430 1213 saltus
449 1174 736 1213 Castulonensis
754 1174 841 1227 (qui
860 1187 1008 1226 semper
1022 1174 1146 1212 tenuit
1163 1181 1311 1212 nostros

184 1227 436 1278 tabellarios),
469 1228 538 1267 etsi
567 1241 671 1267 nunc
689 1228 1010 1281 frequentioribus
1027 1228 1233 1267 latrociniis
1251 1228 1312 1266 in-

183 1281 313 1321 festior
338 1283 460 1321 factus
491 1290 561 1331 est,
591 1290 720 1322 tamen
750 1283 997 1334 nequaquam
1016 1283 1124 1321 'tanta
1142 1283 1183 1320 in
1202 1283 1313 1322 mora

183 1344 254 1384 est,
275 1336 433 1389 quanta,
465 1337 534 1389 qui
562 1337 653 1375 locis
680 1338 860 1376 omnibus
890 1337 1061 1388 dispositi
1078 1339 1127 1375 ab
1145 1337 1312 1389 utraque

182 1397 291 1442 parte
310 1399 526 1430 scrutantur
548 1391 777 1440 tabellarios,
807 1399 845 1430 et
875 1391 1050 1429 retinent.
1080 1391 1219 1442 Itaque
1236 1391 1310 1429 nisi

182 1457 279 1483 nave
301 1445 456 1496 perlatae
485 1445 605 1483 literae
635 1453 771 1493 essent,
803 1445 961 1483 omnino
989 1445 1188 1493 nescirem,
1213 1445 1308 1497 quid

181 1499 266 1537 istic
284 1499 402 1538 fieret.
446 1501 565 1538 Nunc
584 1513 686 1547 vero,
716 1508 852 1539 nactus
878 1500 1127 1547 occasionem,
1157 1507 1308 1551 postea-

181 1566 301 1605 quam
319 1554 492 1605 navigari
512 1561 679 1605 coeptum
694 1562 763 1601 est,
780 1553 1024 1606 cupidissime
1039 1562 1076 1593 et
1095 1567 1213 1606 quam
1228 1567 1308 1593 cre-

179 1607 343 1647 berrime
361 1617 506 1659 potero,
528 1608 691 1647 scribam
710 1608 759 1646 ad
778 1617 826 1647 te.

233 1663 298 1700 Ne
323 1675 478 1701 movear
497 1664 579 1712 ejus
598 1662 851 1710 sermonibus,
873 1676 989 1715 quem
1017 1663 1171 1701 tametsi
1192 1675 1307 1702 nemo

178 1723 236 1755 est
254 1716 322 1768 qui
340 1716 467 1755 videre
490 1717 594 1764 velit,
627 1724 756 1755 tamen
785 1718 1032 1769 nequaquam
1061 1717 1235 1768 proinde,
1261 1730 1307 1756 ac

179 1770 320 1822 dignus
353 1778 422 1819 est,
462 1769 625 1809 oderunt
655 1771 843 1820 homines,
881 1772 1096 1824 periculum
1125 1784 1203 1810 non
1237 1778 1306 1810 est.

179 1824 293 1863 Adeo
313 1832 368 1863 est
387 1825 490 1863 enim
519 1825 665 1863 invisus
694 1826 806 1874 mihi,
837 1834 882 1864 ut
910 1825 1008 1864 nihil
1026 1838 1104 1863 non
1123 1827 1305 1864 acerbum

178 1886 328 1931 putem,
349 1879 454 1930 quod
476 1892 680 1918 commune
699 1893 789 1918 cum
807 1880 876 1918 illo
901 1881 961 1918 sit.
1003 1880 1157 1918 Natura
1175 1887 1305 1919 autem

179 1945 281 1980 mea,
302 1940 340 1971 et
358 1933 499 1981 studia,
519 1934 677 1972 trahunt
694 1947 758 1972 me
777 1934 826 1972 ad
844 1935 947 1986 pacis
973 1941 1010 1973 et
1027 1934 1212 1972 libertatis
1237 1947 1305 1973 cu-

178 1987 392 2038 piditatem.
424 1988 562 2039 Itaque
578 1988 678 2025 illud
695 1987 850 2026 initium
870 1988 989 2027 civilis
1007 1988 1099 2026 belli
1118 2001 1219 2040 saepe
1238 1988 1304 2027 de-

177 2042 278 2080 flevi.
308 2041 411 2080 Cum
431 2055 519 2080 vero
538 2054 615 2080 non
639 2042 769 2080 liceret
786 2042 883 2080 mihi
902 2042 1046 2080 nullius
1065 2043 1183 2094 partis
1209 2055 1303 2092 esse,

179 2095 273 2147 quia
290 2095 495 2146 utrobique
512 2108 674 2146 magnos
693 2096 868 2135 inimicos
878 2097 1069 2135 habebam
1083 2111 1096 2142 ς
1124 2109 1168 2134 ea
1181 2104 1304 2135 castra

181 2149 279 2200 fugi,
311 2149 350 2187 in
371 2150 513 2202 quibus
537 2151 653 2201 plane
671 2158 802 2189 tutum
828 2163 894 2188 me
917 2152 965 2190 ab
983 2150 1131 2190 insidiis
1157 2150 1305 2189 inimici

180 2203 345 2243 sciebam
371 2216 448 2243 non
473 2204 664 2244 futumm.
695 2204 930 2258 Compulsus
957 2218 1016 2254 eo,
1046 2217 1124 2258 quo
1141 2204 1303 2244 minime
