1481 2422
215 110 295 148 286
430 109 516 148 AD
546 110 848 152 DIVERSOS.
879 111 981 150 Lm.
1011 110 1065 149 X.
1095 111 1136 150 6.

215 218 467 258 Antonium:
497 231 644 282 magna
674 234 760 273 spae
783 220 826 258 in
862 228 914 269 te,
949 227 988 259 et
1011 220 1053 259 in
1083 226 1152 259 tuo
1180 218 1350 258 exercitu

215 285 361 324 magna
385 275 630 326 exspectatio.
672 275 798 338 Cujus
825 276 912 337 (per
930 274 1036 314 Deos
1051 273 1085 324 !)
1113 273 1247 326 gratiae
1263 273 1350 325 glo-

215 326 361 379 riaeque
380 340 470 367 cave
489 336 645 381 tempus
663 331 831 369 amittas.
872 329 936 369 Sic
953 342 1108 377 moneo,
1128 335 1174 367 ut
1191 327 1347 367 filium:

216 380 271 419 sic
289 381 414 430 faveo,
433 390 480 421 ut
497 383 623 422 mihi:
654 385 708 424 sic
734 385 880 433 hortor,
909 391 954 422 ut
983 390 1022 422 et
1046 397 1118 437 pro
1146 382 1286 436 patria,
1314 381 1352 421 et

218 435 511 476 amicissimum.
542 438 654 478 Vale.

477 595 567 648 (6.)
599 596 814 637 CICERO
844 597 1095 638 PLANCO.

285 704 616 757 (Argumentum.
634 707 893 755 —Plancus,
930 706 1051 746 literis
1087 705 1139 745 ad
1174 712 1350 744 senatum

219 759 384 811 scriptis,
405 773 540 811 pacem
560 773 651 799 cum
663 762 839 801 Antonio
857 769 1053 800 suaserat.
1084 772 1205 813 quam
1219 759 1354 800 Cicero

218 813 280 851 his
300 813 511 863 dissuadet,
543 829 631 867 quae
656 816 773 854 armis
798 817 928 869 potius
947 828 1067 868 quam
1098 814 1275 868 pactione
1304 813 1354 852 sit

219 868 453 919 quaerenda:
485 869 752 922 hortaturque,
782 879 828 910 ut
856 872 1035 922 sejungat
1063 883 1103 909 se
1127 883 1152 908 a
1175 869 1355 909 societate

218 923 428 973 malorum,
451 931 631 977 totusque
649 925 700 964 ad
718 925 1001 978 rempublicam
1019 930 1220 973 transeat.)

273 1031 378 1080 Quae
403 1033 556 1073 locutus
575 1040 630 1073 oet
658 1035 830 1074 Furnius
858 1042 986 1074 noster
1009 1034 1058 1073 de
1076 1033 1208 1072 animo
1225 1039 1295 1072 tuo
1311 1032 1354 1071 in

219 1086 517 1138 rempublicam,
533 1101 578 1127 ea
596 1089 814 1140 gratissima
830 1089 990 1128 fuerunt
1007 1088 1171 1137 senatui,
1190 1087 1355 1140 populo·

219 1154 297 1192 que
316 1141 497 1180 Romano
515 1143 809 1194 probatissima·
841 1157 930 1196 quae
959 1152 1090 1182 autem
1114 1142 1282 1182 redtatae
1307 1141 1356 1180 li-

219 1202 311 1233 terae
330 1204 421 1234 sunt
440 1196 481 1234 in
497 1204 646 1245 senatu,
661 1209 911 1250 nequaquam
923 1197 1134 1237 consentire
1148 1209 1239 1236 cum
1254 1196 1357 1235 Fur-

218 1249 275 1288 nii
294 1249 463 1289 oratione
482 1251 573 1290 visae
592 1258 694 1290 sunt.
736 1252 848 1292 Pacis
873 1252 977 1291 enim
996 1259 1129 1291 auctor
1147 1264 1244 1301 eras,
1264 1263 1356 1290 cum

217 1304 367 1355 collega
387 1312 490 1354 tuus,
510 1306 570 1345 vir
588 1305 838 1355 clarissimus,
865 1321 890 1346 a
906 1306 1124 1346 foedissimis
1141 1305 1356 1345 latronibus

218 1359 480 1398 obsideretur:
515 1360 584 1422 qui
616 1368 699 1410 aut,
731 1361 865 1412 positis
894 1361 1026 1410 armis,
1057 1373 1192 1414 pacem
1222 1367 1355 1427 petere

219 1412 387 1459 debent;
418 1421 500 1464 aut,
533 1415 565 1453 si
593 1424 812 1468 pugnantes
842 1429 929 1455 eam
956 1416 1169 1468 postulant,
1196 1414 1356 1454 victoria

218 1478 314 1519 pax,
334 1480 412 1506 non
431 1469 622 1520 pactione,
642 1470 826 1522 parienda
844 1478 912 1510 aet.
953 1470 1030 1510 Sed
1047 1470 1096 1509 de
1123 1482 1218 1522 pace
1233 1468 1357 1508 literae

222 1523 283 1561 vel
302 1521 458 1575 Lepidi,
479 1524 540 1562 vel
568 1532 659 1573 tuae,
687 1538 806 1577 quam
825 1525 866 1564 in
885 1532 1036 1578 partem
1069 1531 1234 1576 acceptae
1262 1523 1354 1573 sint,

221 1589 271 1615 ex
291 1576 372 1615 viro
398 1577 559 1630 optimo,
587 1579 704 1618 fratre
722 1588 804 1629 tuo,
837 1588 875 1619 et
893 1593 942 1619 ex
961 1579 1011 1619 C.
1032 1579 1195 1627 Furnio,
1214 1577 1358 1630 poteris

220 1643 458 1683 cognoscere.
489 1633 562 1671 Me
581 1642 712 1672 autem
731 1635 890 1686 impulit
908 1634 967 1674 tui
977 1635 1128 1681 caritas,
1143 1645 1189 1672 ut
1200 1636 1359 1685 (quam-

218 1698 338 1738 quam
358 1698 428 1725 nec
446 1687 545 1726 tibi
535 1688 609 1740 ipsi
634 1689 837 1728 consilium
856 1689 1016 1738 deesset,
1045 1696 1083 1728 et
1107 1687 1235 1727 fratris
1253 1687 1356 1726 Fur

218 1740 352 1792 niique
371 1742 636 1782 benevolentia
661 1743 861 1796 fidelisque
885 1744 1092 1796 prudentia
1120 1742 1192 1782 tibi
1216 1749 1356 1794 praesto

220 1804 320 1834 esset
337 1795 488 1846 futura)
509 1798 649 1836 vellem
664 1804 794 1837 tamen
809 1811 908 1837 meae
926 1812 1083 1851 quoque
1102 1796 1353 1844 auctoritatis,

219 1862 291 1901 pro
310 1849 488 1901 plurimis
507 1853 645 1890 nostris
664 1853 1024 1902 necessitudinibus,
1048 1860 1287 1905 praeceptum
1306 1851 1356 1890 ad

218 1911 257 1943 te
269 1904 428 1957 aliquod
442 1907 651 1957 pervenire.

276 1959 400 1998 Crede
429 1960 548 2011 igitur
583 1961 696 2009 mihi,
725 1962 883 2011 Plance,
916 1974 1066 2009 omneS,
1101 1973 1197 2013 quos
1227 1961 1355 2000 adhuc

219 2013 363 2064 gradus
380 2014 578 2066 dignitatis
597 2024 821 2056 consecutus
840 2017 906 2065 sis,
941 2019 1001 2070 (es
1032 2023 1164 2054 autem
1191 2015 1355 2067 adeptus

218 2067 494 2120 amplissimos)
525 2083 588 2109 eos
616 2070 808 2110 honorum
829 2071 1015 2111 vocabula
1030 2069 1246 2117 habituros,
1275 2081 1353 2108 non

216 2121 444 2174 dignitatis
433 2124 614 2176 insignia,
649 2125 722 2164 nisi
751 2132 788 2164 te
806 2139 895 2164 cum
914 2126 1090 2166 libertate
1111 2099 1246 2177 populi
1265 2124 1348 2163 Ro-

215 2177 337 2226 mani,
359 2186 397 2217 et
414 2191 504 2218 cum
524 2182 676 2218 senatus
705 2181 944 2227 auctoritate,
978 2180 1234 2230 conjunxeris.
1274 2180 1343 2218 Se-

207 2231 331 2283 junge
361 2240 411 2281 te,
443 2246 587 2285 quaeso,
619 2234 828 2286 aliquando
852 2236 902 2274 ab
928 2235 988 2283 iis,
1016 2246 1107 2274 cum
1130 2234 1273 2286 quibus
1302 2240 1340 2272 te
