1481 2422
321 74 408 114 AD
436 74 740 117 DIVERSOS.
770 77 874 116 Lus.
903 77 983 117 IX.
1019 78 1081 118 19.
1195 79 1275 118 269

141 184 216 224 nisi
246 195 311 224 me
329 184 380 224 ad
400 185 471 224 has
497 185 790 226 exercitationes
810 187 1044 236 retulissem,
1066 186 1289 225 exaruisset.

192 238 431 279 Extremum
461 239 561 278 illud
584 248 654 289 est,
686 241 792 293 quod
815 248 858 279 tu
878 242 1006 280 neseio
1026 254 1075 279 an
1105 242 1279 293 primum

138 301 278 346 putes:
308 294 439 346 plures
461 296 545 345 jam
568 308 736 347 pavones
760 296 919 345 confeci,
941 309 1062 348 quam
1081 303 1122 334 tu
1150 297 1280 348 pullos

138 348 392 388 columbinos.
422 349 490 387 Tu
510 349 595 388 istic
613 357 650 389 te
661 351 851 390 Atei-iano
866 352 955 401 jure
967 350 1179 397 delectato;
1209 364 1280 402 ego

135 415 201 441 me
218 403 284 442 hic
303 403 499 442 Hirtiano.
1250 442 1254 448 Α

192 457 297 497 Veni
315 458 448 510 igitur,
470 459 502 498 si
521 459 580 497 vir
598 472 663 505 es;
695 467 732 498 et
752 459 853 499 disce
878 461 961 510 jam
989 466 1276 508 προλεγομενας,

137 524 237 565 quas
267 513 436 565 quaeris:
467 513 537 552 etsi
568 527 632 553 sus
657 514 894 554 Minervam.
927 514 1003 554 Sed
1034 513 1204 566 quando,
1232 522 1277 552 ut

137 566 264 616 video,
296 568 569 607 aestimationes
599 577 685 608 tuas
711 569 874 608 vendere
897 582 976 608 non
1006 577 1127 620 potes,
1152 581 1279 620 neque

137 621 259 660 ollam
289 621 536 661 denariorum
562 623 739 675 implere,
769 624 941 663 Romam
967 624 1038 662 tibi
1064 623 1278 674 remigran-

138 676 236 715 dum
257 684 325 716 oet.
356 678 485 717 Satius
506 685 562 716 est
587 678 653 717 hic
676 678 876 727 cruditate,
905 691 1025 731 quam
1053 678 1138 716 istic
1160 677 1276 716 fame.

139 731 269 770 Video
280 739 318 770 te
333 733 436 771 bona
450 732 660 785 perdidisse
677 748 688 772 :
720 747 830 785 spero
842 734 945 772 idem
961 734 1060 772 istuc
1072 732 1281 771 familiares

138 792 238 825 tuos.
267 787 419 826 Actum
449 787 569 839 igitur
598 788 646 827 de
676 796 714 827 te
743 796 813 838 est,
843 789 919 827 nisi
942 787 1132 840 provides.
1162 787 1279 826 Potes

138 841 250 880 mulo
268 841 357 890 isto,
389 855 508 895 quem
528 842 598 881 tibi
627 843 823 896 reliquum
843 843 938 882 dicis
957 855 1050 889 esse,
1077 855 1168 881 cum
1188 854 1279 880 can-

138 895 312 935 therium
342 897 554 946 comedisti,
583 898 755 936 Romam
783 897 953 950 pervehi.
985 897 1088 937 Sella
1110 896 1182 936 tibi
1208 896 1279 935 erit

138 950 180 989 in
210 950 320 1000 ludo,
353 959 558 1004 tamquam
591 952 907 1005 hypodidascalo,
945 952 1153 1005 proxima:
1189 964 1276 991 eam

136 1005 322 1058 pulvinus
341 1016 535 1059 sequetur.
563 1007 680 1048 Vale.

163 1165 278 1215 (19.)
308 1165 525 1207 CICERO
555 1167 596 1207 S.
611 1167 666 1207 D.
696 1168 746 1207 L.
764 1165 1013 1207 PAPIRIO
1044 1163 1232 1206 PAETO.

191 1277 522 1329 (Argumentum.
542 1304 598 1314 ·—
617 1279 829 1332 Scripserat
855 1279 1000 1326 Paetus,
1022 1278 1196 1317 Balbum
1219 1283 1276 1316 te-

135 1331 208 1371 nui
225 1341 414 1386 apparatu
439 1334 558 1374 fuisse
577 1342 814 1373 contentum.
843 1333 961 1372 Unde
977 1334 1142 1383 jocatur,
1162 1331 1276 1370 mali-

135 1387 231 1426 tiose
248 1388 332 1427 haec
363 1389 453 1438 dici,
474 1397 519 1428 ut
542 1403 581 1428 se
600 1402 757 1442 quoque
783 1388 833 1428 ad
859 1388 1036 1428 eamdem
1055 1395 1124 1426 aut
1147 1387 1276 1425 mino·

135 1455 219 1482 rem
237 1443 515 1483 continentiam
532 1442 765 1495 devocaret.)

195 1552 351 1593 Tamen
377 1567 402 1594 a
429 1554 582 1594 malitia
603 1567 682 1594 non
708 1554 883 1593 discedis.
912 1552 1133 1593 Tenuiculo
1158 1563 1279 1603 appa-

139 1615 228 1647 ratu
244 1608 435 1660 significas
447 1609 622 1649 Balbum
635 1609 754 1648 fuisse
769 1616 1006 1649 contentum.
1038 1608 1128 1647 Hoc
1139 1605 1280 1644 videris

142 1661 282 1712 dicere,
303 1677 395 1703 cum
413 1677 521 1717 reges
540 1673 622 1704 tam
642 1664 719 1704 sint
737 1664 989 1712 continentes,
1010 1663 1136 1701 multo
1153 1660 1279 1712 magis

143 1717 362 1765 consulares
393 1732 474 1759 esse
505 1727 690 1772 oportere.
721 1719 859 1759 Nescis
885 1731 949 1757 me
978 1720 1028 1757 ab
1057 1717 1125 1756 illo
1147 1714 1280 1754 omnia

143 1771 414 1824 expiscatum:
444 1775 549 1814 recta
579 1788 670 1814 eum
695 1789 719 1814 a
735 1775 848 1827 porta
869 1773 1033 1813 domum
1051 1783 1182 1810 meam
1211 1782 1277 1808 ve-

139 1826 255 1866 nisse.
286 1828 427 1881 Neque
451 1829 525 1868 hoc
554 1829 737 1880 admiror,
764 1829 871 1882 quod
895 1841 975 1867 non
997 1827 1047 1866 ad
1073 1835 1183 1866 tuam
1209 1837 1279 1877 po-

140 1880 247 1928 tius3
278 1882 345 1921 sed
362 1883 477 1933 illud,
498 1884 604 1936 quod
621 1897 700 1924 non
719 1885 768 1923 ad
788 1897 911 1924 suam.
941 1883 1030 1935 Ego
1049 1889 1181 1921 autem
1199 1879 1281 1932 pri-

144 1935 220 1975 mis
239 1937 363 1977 tribus
381 1939 521 1989 verbis,
542 1939 652 1988 Quid
666 1948 794 1979 noster
814 1938 976 1978 Paetus?
1006 1944 1046 1976 at
1064 1937 1144 1986 ille,
1166 1935 1279 1985 adju-

143 2003 248 2041 ranS,
269 1992 482 2046 Nusquam
508 2007 548 2033 se
565 2007 743 2047 unquam
761 1994 956 2033 libentius.
987 1993 1076 2031 Hoc
1095 1990 1129 2030 si
1153 1989 1278 2029 verbis

141 2055 340 2086 assecutus
366 2061 420 2097 eS,
440 2061 552 2088 aures
569 2049 620 2088 ad
641 2056 679 2089 te
697 2049 855 2088 afferam
874 2061 954 2087 non
971 2048 1103 2086 minus
1123 2046 1279 2097 elegan-

139 2109 225 2139 tes:
256 2102 316 2141 sin
342 2110 474 2143 autem
500 2104 686 2156 opsonio;
714 2112 806 2156 peto
835 2117 858 2142 a
887 2110 939 2153 te,
970 2115 1020 2141 ne
1043 2100 1167 2154 pluris
1197 2112 1278 2138 esse

140 2154 275 2196 balbos
303 2171 424 2210 quam
457 2159 618 2198 disertos
643 2166 768 2211 putes.
798 2159 872 2198 Me
896 2157 1069 2210 quotidie
1091 2154 1199 2194 aliud
1229 2167 1278 2193 ex

139 2211 216 2251 alio
244 2213 420 2265 impedit.
451 2213 542 2264 Sed,
574 2214 606 2254 si
631 2227 695 2255 me
715 2214 933 2268 expedierO,
958 2219 1003 2250 ut
1027 2212 1067 2251 in
1093 2210 1166 2250 ista
1194 2210 1278 2249 loca

879 2270 905 2307 2
926 2280 953 2306 Α
974 2269 1000 2306 3
