1481 2422
352 91 437 134 AD
464 92 765 135 DIVERSOS.
796 94 897 133 Lm.
918 93 972 133 X.
1002 95 1069 134 3-1.
1198 95 1280 134 325

142 205 219 253 t'uS,
238 203 279 243 in
298 203 535 256 provinciam
555 215 684 243 meam
704 203 859 250 venire3
889 216 980 243 cum
1006 203 1175 243 exercitu
1194 217 1282 245 meo

141 259 192 297 ab
210 258 427 298 confluente
447 258 640 297 Rhodano
658 266 780 297 castra
793 259 912 307 movi,
933 272 978 297 ac
997 267 1128 297 contra
1142 272 1205 299 eos
1218 273 1283 299 ve-

140 312 225 352 nire
249 313 410 352 institui.
441 313 581 366 Itaque
607 313 798 353 continuis
825 313 1027 352 itineribus
1057 313 1108 351 ad
1133 314 1166 352 F
1169 328 1282 353 orum

140 367 308 407 Voconii
337 369 439 414 veni,
472 376 524 416 et,
560 369 676 417 ultra,
702 376 826 407 castra
861 368 910 406 ad
948 368 1093 406 flumen
1124 370 1282 421 Argen-

141 429 251 461 teum
271 430 404 462 contra
422 423 668 462 Antonianos
695 423 779 462 feci.
819 423 866 461 P.
888 422 1098 461 Ventidius
1118 437 1206 462 suas
1225 425 1280 463 le-

140 478 274 529 giones
293 484 369 517 tres
394 478 598 528 conjunxit
616 491 706 518 cum
726 491 785 527 eo,
811 486 849 517 et
866 477 970 516 ultra
987 490 1051 516 me
1070 485 1192 517 castra
1212 493 1281 531 po-

140 532 232 571 suit.
263 532 447 572 Habebat
465 540 578 572 antea
595 533 788 585 legionem
808 532 1032 582 secundam,
1055 539 1091 570 et
1118 546 1167 571 ex
1192 534 1281 572 reli-

140 587 228 639 quis
246 587 465 638 legionibus
490 600 676 639 magnam
699 587 1007 635 multitudinem,
1029 586 1094 626 sed
1113 587 1282 627 inermo-

139 655 243 680 rum.
279 642 514 694 Equitatum
545 643 663 681 habet
696 655 897 695 magnum.
937 642 1046 680 Nam
1076 643 1202 681 omnis
1233 657 1282 682 ex

139 697 275 801 proelio
294 697 444 749 integer
468 697 640 748 decessit,
668 697 722 737 ita
747 705 792 736 ut
811 697 888 736 sint
906 697 1076 749 amplius
1103 699 1280 750 equitum

194 751 217 773 ⁴·
249 752 272 773 G
304 751 326 772 ff

194 807 336 859 Itaque
354 806 405 846 ad
421 819 487 846 me
511 807 729 859 complures
755 807 896 846 milites
923 814 961 846 et
985 807 1133 860 equites
1156 809 1205 847 ab
1235 822 1280 848 eo

138 862 398 901 transierunt:
430 868 468 900 et
494 862 535 900 in
555 862 636 901 dies
655 862 826 914 singulos
853 863 935 912 ejus
955 863 1074 914 copiae
1092 863 1280 902 minuun-

139 923 217 955 tur.
247 917 404 956 Silanus
423 923 461 955 et
481 916 619 956 Culleo
649 919 698 955 ab
727 929 771 955 eo
791 916 1055 955 discesserunt.
1086 918 1187 965 Nos,
1209 919 1279 957 etsi

136 971 305 1023 graviter
323 973 374 1011 ab
392 971 453 1010 his
470 971 552 1010 laesi
572 984 739 1019 eramus,
760 970 866 1023 quod
881 979 1014 1010 contra
1027 981 1197 1011 nostram
1214 987 1282 1012 vo-

136 1026 330 1066 luntatem
363 1026 414 1066 ad
441 1026 663 1064 Antonium
689 1026 840 1071 ierant;
871 1032 1016 1075 tamen,
1047 1035 1187 1066 nostrae
1205 1028 1280 1067 hu-

138 1081 337 1120 manitatis
356 1089 393 1120 et
412 1080 704 1120 necessitudinis
731 1081 860 1128 causa,
893 1093 1027 1119 eorum
1055 1082 1188 1121 salutis
1218 1095 1279 1122 ra-

138 1136 286 1175 tionem
304 1136 527 1175 habuimus.
571 1136 656 1174 Nec
675 1144 806 1174 tamen
827 1148 961 1174 eorum
980 1135 1096 1188 opera
1114 1137 1278 1186 utimur,

139 1203 267 1244 neque
285 1191 326 1230 in
347 1190 480 1231 castris
498 1190 704 1241 habemus,
733 1203 861 1244 neque
879 1190 951 1228 ulli
970 1191 1124 1243 negotio
1143 1193 1281 1244 praefe-

140 1259 278 1286 clmus.

195 1300 316 1350 Quod
334 1300 384 1340 ad
402 1301 552 1341 bellum
570 1301 645 1340 hoc
672 1301 823 1349 attinet,
854 1314 924 1341 nec
949 1301 1099 1341 senatui
1118 1314 1188 1342 nec
1207 1303 1281 1342 rei-

138 1356 306 1408 publicae
324 1356 529 1396 deerimus.
569 1356 673 1404 Quae
702 1363 834 1409 postea
854 1357 1060 1408 egerimus,
1081 1357 1221 1396 faciam
1241 1367 1280 1397 te

138 1411 352 1450 certiorem.
396 1411 484 1450 Etsi
511 1411 620 1450 omni
651 1419 824 1464 tempore
843 1424 999 1450 summa
1020 1412 1148 1451 studia
1165 1413 1280 1452 officii

137 1473 279 1505 mutuo
297 1467 398 1506 inter
416 1479 486 1505 nos
505 1465 680 1505 certatim
701 1465 967 1515 constiterunt,
988 1479 1059 1519 pro
1078 1467 1208 1506 nostra
1220 1467 1281 1506 in-

138 1527 197 1560 ter
215 1533 286 1560 nos
305 1521 584 1569 familiaritate,
600 1528 638 1560 et
656 1521 818 1574 proinde
836 1520 1040 1573 diligenter
1053 1523 1102 1560 ab
1114 1530 1281 1575 utroque

140 1584 362 1616 conservata
381 1584 497 1622 sunt;
527 1583 659 1615 tamen
677 1589 756 1615 non
776 1575 925 1625 dubito,
947 1576 988 1615 in
1014 1585 1122 1616 tanto
1142 1585 1179 1616 et
1198 1584 1280 1616 tam

140 1631 342 1683 repentino
370 1631 593 1683 reipublicae
623 1639 749 1677 motu,
783 1630 878 1683 quin
910 1632 1100 1670 nonnulla
1135 1631 1184 1670 de
1215 1645 1281 1671 me

139 1685 251 1725 falsis
269 1686 490 1725 rumoribus
509 1699 533 1724 a
550 1686 648 1725 meis
666 1686 1000 1736 obtrectatoribus,
1020 1699 1085 1725 me
1103 1686 1278 1739 indigna,

142 1740 194 1779 ad
230 1748 269 1780 te
299 1741 428 1780 delata
455 1740 546 1790 sint,
582 1755 671 1793 quae
697 1749 811 1780 tuum
837 1741 1014 1779 animum
1045 1754 1281 1794 magnopere

139 1803 354 1845 moverent,
380 1809 450 1848 pro
476 1802 545 1834 tuo
574 1808 705 1834 amore
737 1796 777 1833 in
812 1792 1105 1848 rempublicam.
1152 1796 1214 1835 Ea
1243 1804 1281 1837 te

138 1851 338 1890 moderate
362 1850 563 1903 accepisse,
595 1863 722 1903 neque
751 1858 895 1889 temere
917 1850 1151 1890 credendum
1173 1852 1280 1901 judi-

140 1905 259 1955 casse,
276 1919 300 1945 a
318 1906 413 1945 meis
431 1906 742 1958 procuratoribus
756 1905 892 1944 certior
907 1917 996 1943 sum
1010 1905 1158 1944 factus:
1190 1920 1280 1958 quae

139 1961 254 2009 mihi,
274 1968 320 1999 ut
337 1960 493 2008 debent,
513 1960 732 2012 gratissima
757 1967 860 1999 sunt.
903 1960 1074 1998 Memini
1105 1960 1209 1998 enim
1240 1968 1278 2000 et

139 2015 208 2054 illa
233 2015 443 2068 superiora,
474 2028 563 2067 quae
592 2016 660 2054 abs
679 2015 749 2053 tu'a
766 2015 965 2054 voluntate
983 2014 1152 2067 profecta
1170 2024 1274 2064 sunt,

138 2069 189 2109 ad
206 2083 336 2109 meam
355 2069 585 2122 dignitatem
610 2069 829 2121 augendam
856 2077 894 2108 et
918 2069 1157 2108 ornandam:
1188 2083 1278 2122 quae

139 2133 326 2178 perpetuo
345 2125 476 2163 animo
494 2137 582 2164 meo
601 2124 680 2163 fixa
697 2126 924 2164 manebunt.

194 2180 276 2219 Abs
295 2186 346 2228 te,
367 2179 423 2218 mi
444 2178 594 2228 Cicero,
614 2192 848 2232 magnopere
871 2186 975 2231 peto,
1003 2178 1034 2217 si
1062 2191 1191 2217 meam
1218 2179 1275 2217 vi-

137 2242 219 2273 tam
238 2241 276 2274 et
294 2234 468 2273 studium
494 2233 786 2286 diligentissime
812 2233 1072 2286 superioribus
1092 2233 1275 2286 tempori-

195 2291 363 2342 (Epist.)
384 2299 491 2328 vot.
514 2300 546 2327 1.
924 2289 949 2326 2
973 2299 997 2326 P
