1501 2407
359 68 444 106 AD
472 67 773 107 DIVERSOS.
794 68 896 106 Lm.
918 67 975 106 ΙΙ.
1001 69 1064 107 16.
1214 70 1267 109 49

143 176 403 229 desperatione
421 188 550 214 rerum
580 175 820 214 obduruisset
848 176 1001 215 animus
1023 175 1073 215 ad
1098 176 1268 215 dolorem

144 243 302 269 novum.
334 230 411 269 Sed
429 237 574 277 tamen,
594 243 712 281 quare
741 229 930 278 acciderit,
954 238 999 268 ut
1017 244 1066 269 ex
1090 231 1186 269 meis
1205 244 1269 269 su-

146 284 357 337 perioribus
374 284 494 322 literis
518 283 558 321 id
577 284 823 335 suspicarere,
844 284 948 335 quod
967 285 1112 332 scribis,
1132 286 1270 324 nescio.

144 339 253 387 Quid
272 338 375 376 enim
392 338 466 376 fuit
487 339 527 376 in
546 338 636 385 illis,
656 346 794 389 praeter
819 339 1014 390 querelam
1033 346 1267 390 temporum,

141 406 230 444 quae
248 405 325 431 non
344 392 520 430 animum
548 405 680 430 meum
710 393 835 444 magis
861 392 1068 431 sollicitum
1094 393 1266 441 haberet,

141 460 260 498 quam
279 449 426 485 tuum?
457 447 564 484 Nam
587 459 665 484 non
690 459 775 484 eam
804 447 963 497 cognow'
985 447 1105 485 aciem
1124 447 1268 498 ingenii

141 500 214 545 tui,
234 501 339 552 quod
356 501 438 551 ipse
458 500 621 547 videam,
639 507 676 538 te
689 500 730 538 id
746 508 789 538 ut
800 513 878 538 non
892 508 1026 551 putem
1040 501 1178 539 videre.
1212 503 1270 540 Il-

140 554 211 592 lud
226 555 357 601 miror,
378 554 516 592 adduci
534 553 701 605 potuisse
720 562 771 601 te,
802 554 871 606 qui
896 568 960 593 me
985 555 1138 605 penitus
1157 557 1268 595 nesse

139 608 309 655 deberes,
331 616 376 646 ut
393 621 457 646 me
470 608 720 653 existimares,
737 617 804 646 aut
819 616 898 646 tam
911 609 1185 660 improvidum,
1200 611 1268 662 qui

139 664 188 700 ab
207 663 372 701 excitata
390 662 546 701 fortuna
564 662 613 700 ad
643 662 866 700 inclinatam
886 670 923 700 et
941 676 1060 714 prope
1075 664 1266 712 jacentem

136 716 406 762 desciscerem;
450 724 518 754 aut
548 724 630 754 tam
662 717 956 764 inconstantem,
988 725 1031 755 ut
1067 718 1265 756 collectam

134 771 300 821 gratiam
319 770 576 808 florentissimi
604 770 771 808 hominis
796 770 1046 818 effunderem,
1072 785 1096 809 a
1126 784 1267 823 meque

134 825 216 876 ipse
246 824 471 870 deficerem3
503 831 552 871 et,
583 824 687 876 quod
705 825 814 863 initio
834 838 1060 876 semperque
1085 825 1182 877 fugi,
1213 826 1266 865 ci-

138 878 206 916 vili
224 879 325 916 bello
343 878 578 916 interessem.

195 932 315 980 Quod
333 940 389 970 est
407 932 525 983 igitur
543 945 675 970 meum
695 932 802 971 triste
821 932 1053 971 consilium?
1082 941 1127 971 ut
1145 933 1266 972 disce-

139 986 271 1025 derem
301 987 459 1025 fortasse
488 987 528 1024 in
560 987 709 1038 aliquas
735 987 981 1026 solitudines
971 990 988 1015 9
1020 988 1137 1025 Nesti
1162 989 1265 1026 enim

139 1053 217 1079 non
234 1041 349 1078 modo
369 1041 555 1079 stomachi
574 1041 665 1088 mei,
687 1042 814 1090 (cujus
829 1048 871 1079 tu
891 1041 1053 1079 similem
1069 1042 1264 1093 quondam

138 1095 322 1141 habebas)
344 1094 409 1133 sed
428 1095 544 1133 etiam
572 1096 786 1142 oculorum,
807 1095 848 1132 in
868 1095 1073 1133 hominum
1095 1096 1263 1135 insolen-

138 1149 239 1187 tium
258 1148 498 1199 indignitate,
518 1149 728 1187 fastidium.
771 1149 934 1187 Accedit
961 1149 1076 1187 etiam
1103 1150 1265 1189 molesta

138 1202 222 1241 haec
248 1215 391 1254 pompa
416 1203 598 1241 lictorum
625 1215 816 1250 meorum,
848 1215 1067 1255 nomenque
1096 1203 1262 1255 imperii,
1295 1232 1298 1234 -

139 1270 220 1308 quo
238 1258 424 1309 appellor.
465 1257 527 1295 Eo
546 1257 579 1295 si
598 1269 711 1295 onere
739 1270 921 1305 carerem,
943 1257 1119 1309 quamvis
1137 1259 1265 1309 parvis

136 1311 260 1350 Italiae
289 1311 445 1350 latebris
474 1318 675 1350 contentus
708 1324 842 1349 essem.
882 1311 959 1350 Sed
988 1311 1148 1349 incurrit
1180 1311 1262 1351 haec

133 1373 263 1404 nostra
279 1365 412 1403 laurus
432 1378 510 1403 non
528 1365 655 1403 solum
674 1365 715 1403 in
733 1366 876 1413 oculos,
898 1365 964 1404 sed
988 1367 1071 1415 jam
1086 1365 1202 1404 etiam
1220 1366 1260 1403 in

131 1420 299 1468 voculas,
319 1420 609 1458 malevolorum.
638 1419 757 1467 Quod
769 1432 859 1458 cum
869 1419 924 1458 ita
939 1427 1049 1466 esset,
1063 1420 1119 1457 nil
1130 1427 1261 1458 tamen

132 1486 309 1525 unquam
338 1473 387 1512 de
418 1473 666 1526 profectione,
696 1474 771 1512 nisi
803 1474 910 1512 vobis
942 1474 1258 1526 approbantibus,

133 1527 309 1579 cogitavi.
346 1528 425 1566 Sed
450 1541 539 1565 mea
567 1528 750 1580 praediola
778 1527 850 1566 11111
878 1535 970 1566 nota
995 1535 1108 1566 sunt:
1139 1528 1181 1566 in
1199 1528 1261 1567 his

133 1582 232 1620 mihi
245 1594 394 1621 necesse
413 1589 469 1620 est
488 1595 581 1629 esse,
602 1595 651 1620 ne
670 1581 803 1620 amicis
821 1582 1004 1620 molestus
1024 1582 1110 1620 sim.
1139 1582 1259 1630 Quod

133 1643 266 1674 autem
288 1636 330 1674 in
343 1636 546 1674 maritimis
564 1636 747 1675 facillime
769 1649 881 1683 sum,
910 1649 1046 1675 moveo
1064 1636 1261 1675 nonnullis

136 1690 405 1742 suspicionem,
425 1690 523 1729 velle
550 1703 614 1729 me
642 1690 848 1742 navigare:
880 1690 986 1742 quod
1017 1697 1149 1729 tamen
1181 1690 1259 1728 for-

137 1752 237 1782 tasse
253 1757 332 1782 non
349 1744 505 1790 noUem,
535 1744 566 1783 si
583 1757 735 1796 possem
753 1744 803 1782 ad
821 1744 956 1783 otium.
986 1745 1094 1783 Nam
1109 1744 1159 1782 ad
1175 1745 1257 1783 bel-

135 1798 221 1836 lum
248 1798 405 1850 quidem
435 1800 505 1850 qui
533 1799 709 1837 convenit
723 1801 741 1838 ⁸?
770 1799 982 1851 praesertim
1001 1806 1133 1837 contra
1152 1811 1256 1841 eum..

134 1852 198 1890 cui
217 1866 326 1904 spero
343 1865 408 1891 me
422 1852 667 1899 satisfecisse,
656 1866 666 1876 ·
697 1855 746 1891 ab
765 1866 824 1899 eo,
853 1853 917 1892 cui
935 1860 1066 1892 tamen
1085 1852 1258 1891 satisfieri

136 1906 246 1944 nullo
263 1906 379 1945 modo
396 1914 533 1958 potest.
567 1907 719 1946 Deinde
738 1907 966 1946 sententiam
983 1920 1113 1945 meam
1131 1914 1175 1945 tu
1200 1906 1258 1944 fa-

135 1959 278 1998 cillime
304 1961 514 2012 perspicere
531 1961 692 2013 potuisti
705 1962 788 2011 jam
807 1963 856 2000 ab
875 1962 943 1999 1110
961 1968 1146 2023 tempore,
1167 1973 1256 1999 cum

135 2013 178 2051 in
197 2014 421 2053 Cumanum
438 2015 537 2053 1111111
555 2015 709 2054 obviam
728 2016 875 2054 venisti.
904 2016 999 2055 Non
1017 2016 1122 2054 enim
1139 2022 1178 2052 te
1195 2027 1256 2052 ce-

134 2067 212 2106 lavi
230 2081 445 2107 sermonem
462 2068 511 2108 T.
526 2069 690 2122 Ampii:
721 2070 862 2119 vidisti,
876 2083 996 2122 quam
1014 2070 1255 2108 abhorrerem

134 2123 185 2159 ab
204 2123 311 2161 Urbe
325 2122 587 2175 relinquenda.
615 2124 720 2164 Cum
734 2125 944 2173 audissem,
964 2136 1091 2163 nonne
1109 2123 1179 2161 tibi
1197 2121 1255 2160 af-

135 2175 300 2224 firmavi,
331 2176 484 2229 quidvis
510 2191 574 2217 me
602 2178 730 2230 potius
750 2191 1036 2230 perpessurum,
1062 2189 1180 2230 quam
1207 2188 1255 2214 ex

193 2231 361 2281 (Epist.)
382 2241 489 2270 VOL.
511 2243 541 2270 Ι.
1008 2243 1035 2268 Γ
