1481 2422
294 82 379 122 AD
407 83 708 124 DIVERSOS.
738 83 840 122 Lm.
868 83 924 122 X.
955 81 1019 122 28⁴.
1149 83 1230 122 315

98 190 248 230 irascor.
278 191 385 231 Mihi
404 192 508 231 enim
526 193 669 245 negotii
680 193 770 246 plus
789 192 976 246 reliquisti
990 191 1073 242 uni,
1094 204 1230 244 quam,

99 253 238 296 praeter
255 258 334 296 me,
354 248 548 286 omnibus.

152 299 209 337 Ut
227 301 332 338 enim
355 301 543 352 primum,
567 309 655 353 post
684 301 851 340 Antonii
875 300 1130 339 foedissimum
1149 298 1227 338 dis-

97 365 262 403 censum,
283 363 435 394 senatus
459 356 593 394 haberi
621 356 740 395 libere
757 356 900 408 potuit,
927 355 977 393 ad
1000 355 1114 393 illum
1145 355 1229 393 ani·

97 420 209 446 mum
237 421 371 447 meum
401 410 538 448 reverti
560 410 782 462 pristinum,
811 422 928 462 quem
960 417 1003 447 tu
1035 422 1124 447 cum
1154 409 1228 448 civi

97 462 294 512 acerrimo,
315 472 423 515 patre
442 471 524 513 tuo,
544 464 585 502 in
601 477 664 502 ore
679 472 716 503 et
731 478 860 503 amore
879 477 1028 515 semper
1046 463 1228 502 habuisti.

98 517 222 565 Nam,
244 530 334 556 cum
354 526 547 567 senatum,
568 532 602 557 3.
619 518 657 556 d.
672 519 787 557 XIII
803 518 990 558 calendas
1005 517 1227 566 Januarias‚

97 570 244 609 tribuni
272 572 395 624 plebis
425 573 673 621 vocavissent,
699 573 824 625 deque
852 573 927 611 alia
952 585 994 611 re
1016 572 1225 618 referrent,
1214 586 1224 596 -

96 631 220 663 totam
238 627 520 690 rempublicam
539 641 627 667 sum
647 628 901 680 complexus3
933 627 1071 678 egique
1089 626 1227 665 acerri-

97 691 175 741 me,
203 688 472 733 senatumque,
497 683 581 732 jam
611 682 860 734 languentem
887 688 924 721 et
949 681 1155 729 defessum,
1176 681 1227 719 ad

94 734 298 797 pristinam
317 737 499 775 virtutem
517 737 912 798 consuetudinemque
930 736 1116 783 revocavi,
1143 748 1230 773 ma-

95 788 155 839 gis
173 790 294 828 animi
313 804 433 842 quam
456 791 602 852 ingenii
630 791 786 830 viribus.
838 791 917 830 Hic
943 790 1036 839 dies,
1065 803 1231 842 meaque

98 844 290 882 contentio
309 854 425 896 atque
444 846 556 894 actio,
578 858 688 898 spem
705 846 878 898 primum
891 845 1035 898 populo
1049 845 1230 883 Romano

96 898 228 936 attulit
244 898 431 938 libertatis
454 900 734 951 recuperandae.
765 901 808 940 N
810 914 852 939 ec
875 913 963 938 vero
992 899 1074 952 ipse
1097 906 1230 960 postea

97 958 252 1004 tempus
281 953 408 992 ullum
435 954 624 993 intermisi
645 955 694 994 de
718 955 918 1007 republica
936 967 1014 993 non
1037 952 1231 1005 cogitandi

99 1006 242 1055 solum,
275 1008 342 1046 sed
373 1008 489 1047 etiam
519 1009 670 1061 agendi.
710 1010 830 1058 Quod
862 1009 938 1048 11151
969 1022 1028 1047 185
1065 1010 1234 1047 urbanas

97 1068 259 1113 actaque
277 1062 408 1101 omnia
427 1063 476 1101 ad
496 1072 533 1102 te
557 1064 717 1116 perferri
734 1064 952 1125 arbitrarer,
972 1063 1054 1115 ipse
1071 1062 1233 1114 perscri-

98 1115 258 1162 berem3
289 1130 530 1169 quamquam
560 1131 666 1156 eram
702 1118 885 1156 maximis
915 1117 1229 1169 occupationibus

97 1169 318 1221 impeditus.
349 1172 425 1211 Sed
443 1172 512 1210 illa
531 1184 730 1224 cognosces
757 1185 805 1212 ex
824 1172 936 1211 aliis:
967 1185 991 1211 a
1008 1184 1071 1210 me
1089 1184 1226 1224 pauca,

99 1231 137 1262 et
156 1237 201 1262 ea
219 1226 460 1264 summatim.

152 1278 358 1318 Habemus
383 1280 523 1319 fortem
549 1288 751 1327 senatum;
783 1281 998 1320 consulares
1016 1280 1173 1333 partim
1179 1280 1228 1319 ti-

95 1332 234 1381 midos,
265 1334 406 1385 partim
438 1335 541 1374 male
570 1336 785 1374 sentientes.
814 1335 1012 1396 Magnum
1038 1328 1225 1374 damnum

94 1386 239 1427 factum
261 1396 317 1426 est
334 1389 376 1427 in
404 1389 547 1428 Servio.
578 1390 626 1428 L.
650 1390 778 1429 Caesar
802 1390 948 1441 optime
972 1389 1113 1428 sentit:
1145 1389 1225 1438 sed,

96 1441 201 1493 quod
230 1443 444 1482 avunculus
465 1452 534 1493 est,
562 1457 640 1482 non
664 1444 866 1483 acerrimas
890 1444 982 1483 dicit
1007 1444 1225 1483 sententias.

95 1496 282 1536 Consules
301 1498 467 1550 egregii:
497 1499 703 1552 praeclarus
721 1499 780 1537 D:
798 1499 973 1538 Brutus:
1003 1512 1100 1550 puer
1120 1512 1226 1550 egre-

95 1550 183 1601 31115
216 1551 369 1591 Caesar:
400 1553 447 1591 de
481 1567 559 1605 quo
589 1566 699 1605 spero
732 1553 913 1606 equidem
946 1553 1108 1606 reliqua.
1137 1553 1227 1592 Hoc

95 1618 186 1643 vero
204 1614 351 1644 certum
370 1607 524 1656 habeto,
553 1608 628 1646 11151
646 1608 712 1646 ille.
735 1616 930 1647 1818131105
949 1607 1119 1646 celeriter
1137 1620 1227 1646 con-

97 1659 320 1711 scripsisset,
346 1661 592 1722 legionesque
615 1662 702 1701 duae
731 1662 780 1701 de
804 1662 972 1701 exercitu
990 1662 1158 1700 Antonii
1176 1662 1226 1700 ad

94 1715 178 1763 ejus
197 1727 236 1752 se
255 1716 520 1755 auctoritatem
546 1717 808 1764 eontulissent,
836 1724 952 1768 atque
970 1717 1003 1754 is
1028 1716 1226 1769 oppositus

92 1776 188 1807 esset
207 1776 326 1807 terror
347 1771 536 1819 Antonio,
569 1771 667 1809 nihil
689 1770 911 1810 Antonium
935 1771 1097 1819 sceleris,
1125 1771 1228 1810 nihil

93 1823 342 1872 crudelitatis,
369 1825 654 1875 praeteriturum
679 1825 808 1864 fuisse.
853 1825 951 1864 Haec
969 1826 1040 1864 tibi
1063 1825 1134 1864 etsi
1153 1839 1223 1864 au-

93 1877 174 1917 dita
193 1891 272 1916 esse
290 1879 514 1927 arbitrabar,
536 1879 644 1918 volui
662 1887 793 1919 tamen
812 1880 961 1919 notiora
979 1893 1070 1920 esse.
1101 1880 1223 1920 Plura

95 1932 274 1984 scribam,
295 1932 327 1972 si
344 1933 434 1987 plus
454 1935 522 1975 otii
540 1934 723 1974 habuero.
753 1935 866 1974 Vale.
