1481 2422
222 75 303 114 314
426 75 510 114 AD
539 75 836 118 DIVERSOS.
866 77 967 117 Lm.
996 77 1051 117 X.
1080 79 1147 117 28.

402 182 516 235 (27.)
547 185 760 225 CICERO
793 185 1011 245 LEPIDO
1040 186 1161 227 SAL.

283 291 608 344 (Argumentum.
617 321 672 327 —
680 294 875 347 Lepidum
882 295 1014 334 leviter
1021 296 1084 346 obj
1089 300 1215 346 urgat,
1225 293 1327 347 quod
1333 322 1346 341 ‚

226 347 388 386 summis
416 347 624 388 honoribus
652 358 809 388 ornatus
842 352 890 388 ab
919 357 1067 398 senatu,
1098 349 1239 401 gratias
1268 361 1346 386 non

228 401 346 493 {gerit
361 416 371 439 :
403 410 454 508 eg,
474 415 523 442 ne
536 416 670 455 pacem
686 417 776 443 cum
790 404 965 444 Antonio
979 404 1176 443 conciliare
1187 404 1346 451 nitatur,

279 464 419 495 monet.

282 563 401 612 Quod
418 565 530 614 mihi,
550 579 620 619 pro
634 567 789 605 summa
803 581 892 619 erga
906 575 944 606 te
953 565 1228 614 benevolentia,
1239 578 1351 618 mag-

227 631 288 657 nae
306 632 407 657 curae
432 627 500 668 est,
522 629 566 659 ut
584 634 702 673 quam
721 621 960 683 amplissima
977 620 1163 672 dignitate
1181 620 1246 669 sis,
1265 633 1350 659 mo-

226 673 320 711 leste
339 674 424 722 tuli,
446 682 483 712 te
502 675 649 713 senatui
667 675 806 726 gratias
825 689 902 715 non
921 675 1054 727 egisse,
1075 687 1165 714 cum
1184 687 1281 713 oeses
1299 676 1349 713 ab

229 740 273 765 eo
303 727 434 766 ordine
463 737 619 767 ornatus
650 730 813 769 summis
843 730 1063 769 honoribus.
1104 727 1216 767 Pacis
1250 728 1351 768 inter

229 782 328 820 cives
347 782 591 821 conciliandae
615 792 652 822 te
680 784 865 836 cupidum
890 797 983 831 esse,
1002 784 1121 822 laetor.
1150 782 1253 821 Eam
1272 783 1304 822 si
1329 797 1353 822 a

228 836 407 874 servitute
426 838 614 889 sejunges,
636 839 807 878 consules
825 846 863 877 et
880 838 1100 890 reipublicae
1118 844 1155 876 et
1172 837 1351 889 dignitati

227 896 330 928 tuae:
361 890 421 928 sin
450 890 522 929 ista
540 906 618 943 pax
643 892 837 944 perditum
865 893 1063 931 hominem
1081 892 1122 930 in
1147 892 1352 944 possessio-

227 956 318 982 nem
350 944 660 996 impotentissimi
690 947 906 986 dominatus
929 947 1151 986 restitutura
1178 953 1247 994 est,
1279 946 1351 985 hoc

227 999 357 1037 animo
383 1000 475 1038 scito
505 1014 585 1039 esse
609 1013 740 1040 omnes
764 1014 888 1050 sanos,
920 1008 965 1040 ut
988 1008 1153 1039 mortem
1178 1000 1351 1039 servituti

227 1060 473 1104 anteponant.
505 1054 643 1106 Itaque
661 1056 870 1107 sapientius
889 1058 992 1099 (meo
1010 1055 1168 1107 quidem
1185 1054 1349 1104 judicio)

227 1107 354 1154 facies,
375 1108 407 1146 si
425 1116 462 1146 te
490 1109 531 1146 in
555 1109 668 1148 istam
695 1110 995 1161 pacificationem
1013 1122 1092 1148 non
1117 1109 1348 1161 interponas,

227 1176 314 1214 quae
325 1175 450 1214 neque
465 1164 625 1212 senatui,
639 1177 764 1216 neque
777 1165 937 1217 populo,
953 1177 1023 1203 nec
1037 1163 1218 1215 cuiquam
1233 1165 1348 1212 bono,

226 1217 422 1269 probatur.
450 1217 526 1255 Sed
540 1217 621 1256 haec
637 1219 767 1257 audies
779 1232 826 1257 ex
841 1219 940 1266 aliis,
957 1225 1026 1257 aut
1039 1218 1173 1257 certior
1186 1217 1254 1256 fies
1263 1218 1350 1256 lite-

225 1272 289 1310 ris.
317 1271 397 1318 Tu,
418 1284 487 1322 pro
506 1271 573 1310 tua
590 1273 808 1324 prudentia,
829 1273 924 1325 quid
949 1272 1141 1325 optimum
1162 1271 1266 1310 factu
1285 1271 1348 1321 sit,

228 1325 389 1366 videbis.
416 1325 529 1364 Vale.
1262 1348 1265 1351 ,

361 1483 479 1535 (28.)
510 1485 720 1526 CICERO
749 1486 1050 1527 TREBONIO
1083 1486 1206 1526 SAL.

283 1593 612 1642 (Argumentum.
629 1622 684 1630 -
697 1595 816 1636 Dolet
835 1609 874 1636 se
892 1609 970 1635 non
988 1595 1107 1634 fuisse
1124 1594 1349 1647 participem

230 1648 501 1698 conjurationis
519 1649 560 1687 in
579 1651 784 1699 Caesarem‚
805 1657 850 1689 ut
866 1651 1089 1689 Antonium
1101 1649 1181 1688 una
1195 1662 1350 1701 opprffi-

230 1702 379 1751 sissent,
401 1703 469 1755 qui
501 1715 604 1743 nunc
621 1712 745 1744 tantas
773 1707 904 1744 turbas
923 1705 1020 1744 cieat
1034 1718 1046 1742 τ
1077 1703 1214 1743 deinde
1235 1715 1351 1743 suum

228 1756 414 1798 libertatis
431 1759 697 1810 recuperandae
715 1759 889 1798 studium
906 1759 1101 1808 declarat.)

284 1866 419 1915 Quam
452 1867 592 1906 vellem
624 1867 674 1906 ad
702 1867 789 1907 illas
817 1866 1093 1920 pulcherrimas
1125 1865 1257 1918 epulas
1288 1877 1353 1904 me

232 1920 369 1960 Idibus
395 1921 550 1960 Martiis
576 1922 804 1961 invitasses!
835 1921 1093 1982 reliquiarum
1113 1920 1211 1958 nihil
1235 1919 1353 1958 habe-

230 1988 370 2015 remus.
400 1976 460 2014 At
478 1988 582 2014 nunc
595 1989 685 2014 cum
703 1976 763 2015 his
781 1983 936 2015 tantum
954 1974 1096 2027 negotii
1115 1982 1185 2022 est,
1205 1981 1251 2012 ut
1270 1986 1353 2012 ves-

233 2036 338 2068 trum
357 2029 456 2068 illud
474 2029 675 2068 divinum·
664 2043 705 2068 m
719 2030 998 2082 rempublicam
1015 2028 1244 2069 beneficium
1257 2039 1355 2066 non-

232 2084 383 2122 nullam
402 2083 541 2122 habeat
560 2084 770 2136 querelam.
800 2084 918 2132 Quod
936 2096 1026 2122 vero
1041 2096 1065 2121 a
1082 2091 1134 2130 te,
1154 2083 1235 2121 viro
1253 2081 1353 2132 opti-

233 2150 314 2185 mo,
342 2138 519 2177 seductus
543 2145 612 2187 est,
644 2146 787 2190 tuoque
805 2137 988 2177 beneficio
1013 2137 1139 2176 adhuc
1161 2135 1255 2175 vivit
1273 2136 1355 2173 haec

234 2191 373 2242 pestis3
405 2191 596 2230 interdum
625 2192 749 2244 (quod
775 2192 872 2231 mihi
900 2191 965 2231 vix
983 2191 1040 2231 fas
1058 2193 1131 2242 est)
1163 2189 1234 2229 tibi
1265 2190 1356 2228 sub-
