1481 2422
326 91 411 130 AD
438 90 736 134 DIVERSOS.
764 93 864 132 1113.
894 91 995 132 XII.
1025 93 1091 132 26.
1186 91 1262 133 391

141 204 198 238 eet
211 199 297 249 jam
314 199 504 240 bonorum
522 201 726 241 omnium:
755 215 875 255 quam
899 202 1072 254 quidem,
1102 214 1172 241 nos
1196 201 1266 241 da-

142 264 232 292 mus
249 265 420 306 operam,
440 262 486 293 ut
503 263 647 295 rectam
665 263 887 296 tenaemust
917 257 1068 295 utinam
1086 269 1266 308 prospero

138 319 251 347 cursu
266 307 277 346 !
308 307 385 348 Sed
403 309 639 361 quicumque
657 311 760 350 venti
778 318 904 357 erunt,
930 324 990 349 ars
1017 318 1146 349 nostra
1164 317 1264 349 certe

138 372 217 406 non
235 362 368 401 aberit.
397 363 507 411 Quid
525 365 629 402 enim
647 373 824 417 praestare
847 364 954 403 aliud
972 365 1091 404 virtus
1109 363 1261 416 potest?

139 415 207 454 Tu
225 415 287 454 fac
309 429 451 468 magno
469 417 599 456 animo
617 418 666 457 sis
685 427 724 458 et
740 419 902 467 excelso,
922 419 1153 470 cogitesque,
1173 431 1260 457 om-

138 481 231 562 iiem
250 469 477 523 dignitatem
489 479 598 511 tuam
610 486 700 513 cum
710 473 907 526 republica⁴
920 474 1166 524 conjunctam
1182 485 1263 512 esse

169 525 290 563 ebere.

194 578 242 616 P.
272 579 483 620 Lucceium
519 582 618 620 mihi
653 595 786 622 meum
818 582 1086 622 commendas:
1127 594 1260 634 quem,

141 632 450 687 quibuscumque
467 636 580 674 rebus
598 644 743 688 potero,
769 637 970 689 diligenter
988 639 1134 675 tuebor.
1164 636 1261 674 Hir-

140 687 241 726 tium
259 688 418 740 quidem
436 697 474 728 et
493 689 676 739 Pansam,
703 692 865 743 collegas
892 699 1054 739 nostros,
1083 690 1259 729 homines

136 740 179 779 in
197 743 396 781 consulatu
414 744 632 795 reipublicae
659 746 855 794 salutares,
889 746 1014 784 alieno
1043 757 1133 783 sane
1160 751 1259 783 tem-

136 808 229 847 pore
248 796 461 847 amisimus,
482 799 678 850 republica⁴
705 800 929 838 Antoniano
959 799 1118 851 quidem
1141 799 1259 837 latro-

138 849 238 888 cinio
255 850 428 900 liberata,
449 852 514 890 sed
532 854 706 891 nondum
725 854 882 893 omnino
904 853 1116 906 explicata:
1139 865 1260 904 quam

137 915 221 952 nos,
243 905 276 942 si
293 904 435 954 licebit,
451 919 558 946 more
571 916 699 946 nostro
713 908 922 956 tuebimur,
939 919 1178 959 quamquam
1191 906 1260 944 ad·-

136 957 299 997 modum
328 973 463 999 sumus
484 962 569 1010 jam
597 961 806 1014 defatigati.
836 962 912 1002 Sed
940 962 1050 1000 nulla
1075 960 1262 1000 lassitudo

136 1010 323 1064 impedire
351 1014 520 1053 officium
540 1024 577 1054 et
601 1015 718 1055 fidem
737 1017 861 1055 debet.
901 1017 1052 1055 Verum
1070 1016 1153 1053 haec
1170 1014 1261 1053 hac-

135 1072 261 1105 tenus.
290 1069 359 1107 Ab
378 1068 462 1108 aliis
481 1076 518 1109 te
537 1070 585 1108 de
602 1082 680 1119 me,
701 1083 821 1123 quam
839 1084 863 1109 a
880 1083 944 1109 me
961 1071 1059 1122 ipso,
1075 1069 1178 1109 malo
1196 1081 1259 1108 co-

135 1133 326 1172 gnoscere.

189 1174 254 1214 De
271 1183 310 1215 te
329 1177 580 1217 audiebamus
599 1192 642 1218 ea
662 1193 750 1231 quae
773 1179 943 1218 maxime
966 1179 1164 1218 vellemus.
1194 1176 1259 1216 De

134 1227 209 1267 Cn.
231 1230 422 1279 Minucio,
452 1245 570 1284 quem
599 1241 641 1271 tu
661 1234 895 1286 quibusdam
913 1234 1032 1272 literis
1051 1232 1100 1271 ad
1118 1231 1259 1271 eoelum

133 1282 315 1323 laudibus
334 1286 519 1335 extulisti,
539 1300 709 1326 rumores
731 1288 902 1327 duriores
930 1295 1049 1326 erant.
1076 1286 1128 1325 Id
1145 1285 1260 1338 quale

134 1336 198 1386 sit,
229 1339 477 1392 omninoque,
509 1341 604 1393 quid
632 1342 717 1381 istic
744 1350 894 1394 agatur,
924 1342 1040 1381 facias
1057 1354 1123 1380 me
1140 1339 1257 1379 velim

133 1392 343 1432 certiorem.
373 1394 484 1434 Vale.

261 1552 377 1604 (26.)
406 1552 619 1594 CICERO
648 1552 992 1594 CORNIFICIO
1023 1554 1063 1594 S.
1080 1553 1134 1592 D.

188 1656 515 1708 (Argumentum.
527 1687 582 1694 -
595 1661 780 1701 Haeredes
799 1662 852 1711 Q.
871 1661 1000 1712 Turii,
1020 1660 1068 1700 de
1085 1659 1196 1699 bonis
1214 1658 1255 1697 in

134 1709 272 1751 Africa
289 1713 444 1761 relictis,
464 1716 740 1765 commendat.)

186 1819 360 1869 Quintus
378 1822 539 1872 Turius,
566 1825 635 1875 qui
652 1824 694 1862 in
711 1823 849 1864 Africa
866 1824 1082 1875 negotiatus
1107 1830 1178 1871 est,
1198 1822 1257 1860 vir

131 1875 257 1913 bonus
276 1883 314 1914 et
330 1875 527 1926 honestus,
547 1877 716 1918 haeredes
733 1879 822 1918 fecit
840 1878 982 1917 similes
1000 1877 1074 1924 sui,
1092 1877 1164 1916 Cn.
1186 1877 1258 1916 Sa-

131 1929 350 1979 turninum,
370 1932 459 1970 Sex.
479 1931 703 1980 Aufidium,
731 1933 777 1972 C.
803 1932 1020 1980 Anneium,
1046 1931 1098 1979 Q.
1120 1931 1258 1970 Consi-

131 1981 243 2021 dium
263 1983 439 2034 Gallum,
460 1986 510 2024 L.
538 1986 744 2026 Servilium
769 1988 1018 2034 Postumum,
1040 1985 1085 2024 C.
1107 1984 1258 2023 Rubel-

131 2035 244 2075 lium.
273 2037 340 2077 Ex
359 2052 492 2079 eorum
503 2040 672 2080 oratione
684 2041 872 2089 intellexi,
888 2041 1099 2092 gratiarum
1111 2039 1260 2078 actione

130 2102 194 2129 eos
211 2092 336 2144 magis
350 2106 474 2145 egere,
495 2108 615 2147 quam
633 2095 974 2135 commendatione.
1003 2094 1136 2133 Tanta
1155 2093 1259 2132 enim

130 2144 357 2187 liberalitate
382 2161 421 2188 se
440 2149 507 2188 tu‘a
526 2162 614 2189 usos
631 2150 903 2202 praedicabant,
923 2157 966 2189 ut
992 2148 1039 2188 iis
1066 2149 1156 2201 plus
1180 2161 1204 2187 a
1223 2155 1261 2186 te

1090 2243 1111 2250 x.
