1501 2407
260 99 338 138 196
446 98 531 139 AD
560 98 859 141 DIVERSOS.
889 100 992 140 Lm.
1012 97 1114 139 VII.
1140 97 1204 137 14.

312 207 403 256 Sed,
422 215 468 247 ut
485 208 535 247 ad
553 222 635 249 rem
653 210 821 258 redeam,
841 217 880 248 te
896 208 981 248 istic
997 209 1166 248 invitum
1184 218 1263 245 non
1283 216 1383 266 esee,

257 261 500 301 vehementer
525 264 698 315 gaudeo:
729 272 780 311 et,
807 272 853 302 ut
869 264 968 302 illud
987 271 1068 302 erat
1084 263 1307 307 molestum,
1327 259 1384 298 sic

256 316 330 355 hoc
359 324 415 356 est
440 318 673 366 jucundum.
721 319 897 357 Tantum
925 326 1072 364 metuo,
1104 330 1154 356 ne
1178 314 1389 355 artificium

257 378 372 409 tuum
391 371 462 410 tibi
478 385 618 423 parum
632 373 763 425 prosit.
792 373 914 419 Nam,
934 371 1027 424 [ita]
1048 371 1177 419 audio,
1189 370 1274 409 istic

299 466 326 486 ‘⁶
345 464 437 502 Non
457 477 505 503 ex
521 466 608 515 jure
625 478 746 504 manu
765 472 997 513 consertum,
1014 463 1082 503 sed
1095 462 1214 515 magi'
1228 461 1330 502 ferro

332 518 436 557 Rem
454 520 674 571 repetunt.”

259 593 315 632 Et
333 600 377 632 tu
397 594 494 632 soles
513 594 562 632 ad
581 595 659 633 vim
680 594 896 634 faciendam
923 593 1095 633 adhiberi
1111 595 1129 632 Ρ
1157 605 1284 645 neque
1308 599 1379 640 est,

260 648 364 699 quod
392 649 500 686 illam
525 649 787 701 exceptionem
816 649 856 687 in
885 648 1085 687 interdicto
1109 648 1384 700 pertimescas,

259 701 432 794 risQuod
457 710 500 740 tu
519 703 622 754 prior
640 703 679 741 vi
697 703 919 742 hominibus
937 702 1094 741 armatis
1125 700 1245 754 [non]
1266 713 1383 739 vene·

343 756 469 795 'Scio
489 756 607 805 enim,
627 765 665 795 te
678 770 756 795 non
775 771 854 796 esse
871 769 1069 809 procacem
1085 756 1127 794 in
1152 755 1381 794 lacessendo.

259 769 351 857 Sed,
372 818 416 848 ut
441 823 512 861 ego
537 824 692 863 quoque
711 819 748 850 te
767 811 915 863 aliquid
933 811 1160 849 admoneam
1180 809 1228 848 de
1245 808 1384 848 nostris

260 864 528 910 cautionibus;
550 865 730 904 Treviros
755 866 864 914 vites,
885 878 1041 904 censeo:
1072 864 1187 903 audio
1205 863 1387 915 capitales

262 931 366 957 esse.
397 919 555 957 mallem
575 933 683 967 auro,
709 933 796 969 aere,
821 928 993 972 argento,
1019 926 1154 958 essent.
1196 918 1273 957 Sed
1290 917 1386 956 alias

256 973 486 1022 jocabimur.
516 973 583 1011 Tu
598 974 647 1012 ad
661 987 724 1013 me
741 974 790 1013 de
806 974 888 1013 istis
906 975 1020 1013 rebus
1039 973 1219 1012 omnibus
1239 972 1389 1011 scribas

260 1026 376 1065 velim
393 1040 512 1080 quam
531 1027 834 1080 diligentissime.
863 1029 918 1067 A.
938 1029 977 1067 d.
1001 1028 1066 1067 IV
1084 1027 1128 1067 N
1130 1040 1192 1066 on
1213 1021 1336 1066 Mart.

466 1187 580 1240 (14.)
612 1189 825 1230 CICERO
853 1188 1172 1230 TREBATIO.

316 1297 641 1349 (Argumentum.
666 1322 720 1328 —-
739 1299 997 1338 Familiariter
1020 1306 1059 1338 et
1079 1300 1208 1349 ⁸iocose
1236 1296 1387 1337 Treba:

260 1351 374 1401 tium,
395 1353 464 1404 qui
481 1353 609 1392 literas
627 1353 754 1391 nullas
772 1354 942 1403 miserat,
963 1351 1177 1405 objurgat.)

315 1461 557 1513 Chrysippus
576 1461 746 1511 Vettius,
775 1462 868 1514 Cyri
887 1461 1080 1501 architecti
1097 1462 1272 1510 libertus,
1292 1459 1384 1501 fecit

260 1522 306 1553 ut
323 1523 361 1554 te
380 1528 457 1553 non
477 1517 744 1554 immemorem
763 1524 941 1568 putarem
959 1516 1059 1554 mei:
1091 1516 1255 1555 salutem
1279 1516 1387 1555 enim

261 1570 385 1608 verbis
399 1570 474 1608 tuis
493 1570 591 1608 mihi
611 1571 817 1609 nuntiarat.
848 1570 974 1608 Valde
992 1571 1076 1620 jam
1094 1571 1223 1610 lautus
1242 1584 1295 1619 es,
1315 1570 1386 1622 qui

261 1637 417 1675 gravere
436 1624 564 1662 literas
591 1624 640 1662 ad
658 1637 721 1662 me
740 1624 844 1671 dare,
864 1625 1015 1663 homini
1036 1625 1248 1676 praesertim
1265 1637 1386 1677 prope

261 1678 481 1716 domestico.
513 1678 631 1727 Quod
657 1679 688 1716 si
707 1679 869 1717 scribere
887 1679 1029 1718 oblitus
1048 1692 1100 1726 es,
1121 1679 1251 1718 minus
1269 1678 1387 1717 multi

256 1733 355 1782 jam,
367 1736 370 1740 '
382 1740 421 1771 te
435 1732 631 1784 advocat0‚
646 1733 759 1771 causa
773 1732 909 1772 cadent
923 1748 934 1771 t
965 1733 1025 1771 sin
1043 1733 1162 1771 nostri
1173 1734 1315 1772 oblitus
1329 1746 1385 1780 ὅ,

263 1786 362 1825 dabo
382 1800 553 1838 operam,
574 1794 619 1824 ut
636 1787 734 1825 istuc
753 1787 905 1825 veniam
934 1795 1024 1826 ante
1051 1800 1170 1840 quam
1195 1788 1310 1840 plane
1337 1799 1388 1826 ex

263 1841 394 1879 animo
412 1850 480 1879 tuo
508 1841 648 1879 effluo:
679 1841 737 1879 sin
764 1841 983 1880 aestivorum
1010 1842 1125 1880 timor
1143 1849 1181 1881 te
1199 1842 1388 1891 debilitat,

262 1895 410 1946 aliquid
425 1895 613 1946 excogita,
633 1903 678 1933 ut
691 1895 813 1934 fecisti
831 1895 879 1934 de
896 1896 1114 1934 Britannia.

318 1949 426 1988 Illud
445 1949 604 2001 quidem
632 1950 862 2001 perlibenter
889 1950 1020 1989 audivi
1037 1963 1085 1988 ex
1104 1950 1238 1989 eodem
1260 1951 1388 2003 Chry-

263 2003 389 2055 sippo,
420 2011 457 2042 te
477 2017 533 2042 ess
536 2016 556 2041 e
576 2003 716 2042 Caesari
744 2004 987 2043 familiarem.
1029 2004 1105 2044 Sed
1133 2005 1388 2054 (mehercule)

263 2058 422 2096 mallem
443 2058 513 2105 (id,
535 2058 639 2109 quod.
659 2066 738 2096 erat
757 2058 922 2109 aequius)
944 2059 992 2097 de
1009 2059 1086 2098 tuis
1110 2061 1223 2098 rebus
1242 2073 1291 2098 ex
1309 2059 1387 2098 tuis

260 2112 379 2150 literis
398 2125 518 2164 quam
543 2112 751 2164 saepissime
776 2125 1011 2163 cognoscere.
1051 2113 1170 2162 Quod
1199 2122 1298 2153 certe
1329 2114 1385 2152 ita

261 2166 381 2215 fieret,
402 2166 434 2206 si
452 2173 495 2205 tu
514 2166 713 2206 maluisses
731 2167 1004 2207 benevolentiae
1014 2180 1134 2220 quam
1151 2167 1311 2208 litium‘
1295 2180 1386 2218 Jura
