1501 2407
200 125 253 163 44
409 126 492 164 AD
520 126 817 167 DIVERSOS.
843 127 942 166 LIB.
965 127 1023 166 ΙΙ.
1057 129 1117 166 12.

193 247 249 272 co.
281 233 486 286 Quidquid
510 234 594 281 erit,
624 234 694 274 tibi
723 234 817 274 erit:
848 235 927 284 sed,
954 235 1049 287 quid
1067 243 1178 285 esset,
1197 237 1330 288 plane-

194 288 466 326 nesciebamus.
515 288 621 326 Mihi
650 289 901 337 (mehercule)
937 301 1090 341 magnae
1121 303 1223 329 curae
1259 299 1316 330 est

194 341 353 380 aedilitas
377 350 466 380 tua:
487 342 568 394 ipse
596 342 676 381 dies
700 356 764 381 me
777 343 1030 382 admonebat:
1061 344 1192 395 scripsi
1210 345 1314 384 enim

194 396 275 434 haec
294 396 385 447 ipsis
406 397 706 447 Megalensibus.
737 397 819 445 Tu,
839 397 970 443 velim,
991 397 1041 435 ad
1058 411 1122 436 me
1140 398 1188 436 de
1206 399 1314 438 omni

192 450 410 500 reipublicae
429 458 530 488 statu
559 463 678 502 quam
701 450 989 502 diligentissime
1006 451 1228 503 perscribas.
1251 453 1314 492 Ea

193 504 296 542 enim
315 504 522 543 certissima
539 506 697 556 putabo,
718 518 806 557 quae
825 518 872 544 ex
891 513 929 544 te
947 508 1124 557 cognoro.
1182 506 1295 546 Vale.

191 665 307 717 (12.)
333 667 394 706 M.
415 666 466 705 Τ.
488 666 533 706 c.
555 667 678 706 IMP.
699 666 761 705 M.
783 666 991 718 emmo,
1012 667 1196 708 AEDILI
1216 667 1309 707 CU-

592 721 749 771 RULI,
781 722 821 761 s.
842 721 895 760 D.

261 831 588 880 (Argumentum.
609 852 659 860 —
678 828 1030 881 Appropinquante
1066 828 1231 868 discessu
1261 843 1319 869 ex.

187 885 396 938 provincia,
424 885 572 923 Urbem
602 883 801 929 desiderat,
822 884 932 932 cujus
949 883 1097 922 fructus
1121 884 1310 934 provinci-

187 940 312 978 alibus
331 939 505 990 praefert:
537 945 574 975 et
593 937 745 976 obviam
765 937 837 976 sibi
854 937 981 976 literas
990 937 1094 976 mitti
1111 939 1309 989 postulat.)

245 1046 437 1085 Sollicitus
448 1045 628 1097 equidem
643 1058 747 1084 eram
765 1046 813 1084 de
831 1047 944 1084 rebus
963 1045 1142 1084 urbanis:
1173 1045 1228 1084 ita
1246 1053 1310 1084 tu-

189 1102 394 1139 multuosae
415 1100 625 1147 conciones,
651 1100 706 1137 ita
723 1100 893 1138 molestae
912 1099 1195 1151 Quinquatrus,
1215 1100 1306 1138 affe-

190 1157 396 1194 rebantur:
427 1167 519 1192 nam
539 1153 710 1192 citeriora
734 1154 910 1192 nondum
928 1153 1189 1192 audiebamus.
1229 1154 1305 1193 Sed

189 1217 319 1247 tamen
338 1209 435 1246 nihil
453 1221 516 1246 me
534 1208 658 1259 magis
676 1208 916 1255 sollicitabat,
932 1220 1066 1259 quam,
1085 1207 1126 1245 in
1144 1208 1204 1246 his
1223 1221 1307 1246 mo-

187 1263 318 1309 lestiis,
339 1275 415 1300 non
435 1275 511 1309 me,
533 1262 564 1300 si
579 1275 666 1313 quae
684 1261 842 1300 ridenda
853 1269 988 1310 oesent,
1009 1261 1130 1300 ridere
1148 1269 1276 1300 tecum
1292 1277 1304 1300 ε

187 1325 276 1355 sunt
295 1316 395 1354 enim
423 1316 573 1360 multa,
562 1329 572 1338 ·
601 1315 667 1353 sed
685 1328 730 1353 ea
747 1328 825 1354 non
844 1315 966 1353 audeo
985 1315 1156 1354 scribere.
1199 1316 1307 1354 Illud

187 1371 345 1409 moleste
359 1369 452 1418 fero,
473 1344 573 1407 nihil
585 1382 648 1407 me
661 1369 787 1408 adhuc
800 1370 860 1408 his
872 1369 919 1407 de
930 1370 1044 1407 rebus
1061 1369 1202 1408 habere
1220 1378 1306 1408 tua-

186 1438 274 1463 rum
292 1424 502 1462 literarum.
539 1423 686 1471 Quare,
716 1423 799 1472 etsi,
819 1436 909 1462 cum
937 1430 980 1461 tu
999 1423 1082 1462 haec
1098 1424 1216 1474 leges,
1236 1436 1308 1475 ego

182 1481 266 1529 jam
291 1491 466 1517 annuum
493 1490 636 1516 munus
663 1477 882 1523 confecero;
912 1484 1041 1515 tamen
1069 1477 1191 1516 obviae
1208 1478 1308 1516 mihi

187 1533 302 1572 velim
321 1533 397 1571 sint
423 1532 543 1570 literae
562 1538 652 1579 tuae,
673 1545 760 1583 quae
777 1544 842 1570 me
869 1531 1045 1570 erudiant
1068 1530 1116 1570 de
1142 1532 1250 1570 omni
1266 1545 1308 1571 re

186 1587 356 1639 publica,
377 1599 426 1624 ne
445 1586 580 1637 hospes
598 1586 712 1636 plane
724 1585 888 1624 veniam.
918 1585 1007 1643 Hoc
1018 1585 1169 1635 melius,
1182 1598 1305 1638 quam

188 1648 246 1689 tu,
266 1641 388 1679 facere
405 1652 520 1677 nemo
538 1646 674 1691 potest.

234 1670 434 1745 'Diogenes
453 1701 557 1741 tuus,
575 1693 693 1731 homo
710 1693 918 1742 modestus,
950 1707 975 1732 a
998 1706 1074 1742 me,
1098 1705 1190 1732 cum
1209 1693 1305 1732 Phi-

184 1751 285 1797 lone,
307 1748 536 1787 Pessinunte
557 1747 738 1786 discessit.
769 1747 850 1786 Iter
867 1748 1060 1786 habebant
1077 1747 1128 1786 ad
1145 1747 1304 1786 Deiotae

183 1816 273 1841 rum
291 1815 420 1854 regem
436 1816 449 1848 3
479 1813 718 1853 quamquam
731 1802 862 1840 omnia
873 1814 942 1840 nec
953 1801 1132 1853 benigna,
1152 1813 1222 1840 nec
1240 1815 1304 1840 co-

185 1858 306 1910 piosa,
327 1858 547 1908 cognorant.

237 1911 401 1958 Urbem,
418 1910 581 1958 Urbem,
595 1909 651 1947 mi
664 1909 782 1957 Rufe,
797 1910 890 1958 cole,
904 1909 993 1948 etin
1006 1908 1081 1948 ista
1097 1910 1184 1947 luce
1202 1909 1300 1948 vive.

183 1964 324 2004 Omnis
335 1963 590 2016 peregrinatio
617 1963 739 2024 (quod
750 1976 819 2015 ego
833 1965 882 2002 ab
896 1962 1147 2002 adolescentia
1153 1963 1303 2012 judica-

182 2020 237 2067 vi)
250 2021 409 2057 obscura
421 2025 457 2057 et
472 2017 622 2056 sordida
633 2025 688 2055 est
699 2017 759 2064 iis,
773 2030 939 2069 quorum
957 2017 1145 2055 industria
1163 2017 1302 2055 Romae

182 2081 306 2125 potest
323 2072 480 2110 illustris
508 2084 597 2110 esse.
639 2070 758 2118 Quod
787 2084 876 2110 cum
898 2073 1018 2122 probe
1046 2071 1195 2137 scirem,
1226 2071 1303 2109 uti-

182 2139 272 2165 nam
292 2127 331 2164 in
358 2125 542 2165 sententia
560 2125 879 2177 permansissem!
911 2125 1014 2163 Cum
1034 2138 1115 2162 una
1132 2124 1301 2167 (meher

181 2181 282 2227 cule)
315 2180 658 2226 ambulatiuncula,
693 2187 808 2231 atque
836 2192 915 2217 uno
947 2192 1120 2218 sermone
1156 2186 1297 2227 nostro,

176 2247 309 2274 omnes
323 2234 470 2274 fructus
481 2247 574 2286 prov
576 2233 684 2273 inciae
703 2246 780 2273 non
800 2233 962 2273 confero.
994 2234 1113 2285 Spero
1128 2245 1191 2271 me
1201 2232 1306 2271 intea
