1481 2381
268 45 352 86 AD
371 44 670 87 DIVERSos.
702 47 803 86 Lm.
824 43 948 86 vm.
983 46 1044 86 10.
1142 47 1224 87 233

91 155 351 208 prasagiebat.
400 155 490 195 Hoc
524 154 720 208 quomodo
768 156 980 207 acciperent
1029 155 1219 205 homines,

92 222 212 262 quam
229 209 436 262 probabilis
454 210 655 249 necessitas
673 209 806 248 futura
824 217 933 258 esset,
953 223 1083 249 vereor
1102 211 1219 250 etiam

90 276 220 303 nunc:
249 276 375 315 neque
399 264 507 316 prius
536 264 709 304 desinam
734 264 955 312 formidare,
982 277 1102 316 quam
1130 266 1218 304 teti-

90 318 190 370 gisse
208 325 247 357 te
266 318 423 357 Italiam
441 318 609 357 audiero.

144 372 221 411 Sed
239 371 287 411 de
302 373 536 412 Parthorum
556 373 718 412 transitu
738 372 865 411 nuntii
886 372 1007 411 varios
1026 385 1218 412 sermones

89 426 317 465 excitarunt.
346 428 465 467 Alius
484 427 602 476 enim,
617 427 850 479 Pompeium
862 427 1123 473 mittendum3
1146 428 1217 466 ali-

86 493 150 528 us,
179 482 228 520 ab
257 482 368 521 Urbe
399 483 632 534 Pompeium
665 494 742 521 non
767 481 1070 528 removendum3
1101 482 1216 530 alius,

87 534 279 574 caesarem
304 549 395 575 cum
425 550 494 575 suo
513 536 707 583 exercitu3
738 536 850 584 alius,
871 537 1070 582 consules;
1100 549 1216 575 nemo

84 595 215 628 tamen
230 603 278 629 ex
297 592 641 629 senatfis-consulto
659 591 837 642 privatos.
860 591 1049 629 Consules
1068 598 1215 639 autem,

85 644 179 696 quia
190 651 381 694 verentur,
396 657 445 683 ne
461 645 561 683 illud
575 645 965 684 senatus-consultum
984 644 1066 691 fiat,
1086 652 1131 683 ut
1146 659 1215 697 pa-

87 698 212 737 ludati
231 706 383 748 exeant,
397 707 465 738 aut
479 699 765 749 contumeliose,
777 707 916 752 praeter
928 712 1004 747 eOS,
1024 699 1075 737 ad
1092 699 1215 738 alium

83 764 142 792 res
162 753 424 802 transferatur,
446 754 605 792 omnino
623 762 800 792 senatum
818 754 951 792 haberi
976 753 1128 802 nolunt,
1149 768 1214 792 us-

87 820 164 858 que
182 820 240 856 eo,
260 814 305 846 ut
323 820 464 860 parum
483 808 683 860 diligentes
701 808 742 846 in
761 821 801 847 re
811 808 975 870 publica
990 808 1210 847 videantur·

83 861 150 900 sed
167 861 338 910 honeste,
360 862 438 902 sive
451 863 699 915 negligentia,
713 863 792 901 sive
808 862 945 901 inertia
957 869 1026 911 est,
1044 862 1121 901 sive
1132 863 1212 911 ille,

84 927 205 977 quem
223 917 418 969 proposui,
439 926 580 965 metus,
597 916 717 967 [laten
721 918 756 969 t]
775 919 845 956 sub
860 917 932 955 hac
951 917 1214 969 temperantiae

84 969 380 1021 existimatione,
399 971 503 1010 nolle
521 971 771 1023 provinciam.

137 1025 178 1063 A
199 1031 236 1062 te
253 1025 373 1064 literae
391 1038 468 1064 non
487 1033 698 1065 venerunt:
730 1033 781 1074 et,
802 1026 875 1064 nisi
887 1024 1061 1064 Deiotari
1081 1027 1212 1064 subse-

83 1085 182 1118 cutae
200 1087 338 1127 essent,
358 1080 399 1118 in
419 1093 504 1118 eam
524 1080 744 1132 opinionem
765 1080 919 1119 Cassius
938 1088 1106 1128 venerat,
1123 1094 1211 1132 quae

83 1133 300 1185 diripuisset
317 1134 412 1186 ipse,
436 1141 478 1173 ut
496 1135 714 1173 viderentur
733 1136 782 1173 ab
800 1134 910 1172 hoste
928 1141 1088 1183 vastata,
1108 1134 1210 1172 finx-

81 1187 156 1226 isse
173 1187 336 1236 bellum,
357 1195 395 1227 et
412 1189 566 1227 Arabas
584 1188 624 1227 in
643 1188 881 1240 provinciam
895 1188 1112 1237 immisisse,
1127 1201 1209 1227 eos·

82 1255 159 1294 que
192 1241 355 1282 Parthos
388 1256 482 1292 esse,
515 1243 665 1281 senatui
695 1243 944 1281 renuntiasse.
976 1241 1110 1290 Quare
1138 1243 1210 1282 tibi

80 1295 235 1345 suadeo,
256 1296 493 1349 quicumque
511 1304 566 1336 est
584 1297 668 1336 istic
696 1303 816 1335 status
834 1309 977 1344 rerum,
1008 1296 1212 1347 diligenter

81 1357 119 1390 et
137 1358 247 1390 caute
264 1351 489 1402 perscribas,
509 1364 558 1391 ne
586 1359 654 1390 aut
671 1351 882 1390 velificatus
911 1351 1027 1389 alicui
1055 1351 1207 1401 dicaris,

81 1412 150 1446 aut
168 1405 330 1457 aliquid,
351 1406 456 1458 quod
474 1406 630 1445 referret
648 1406 756 1455 scire,
776 1405 980 1445 reticuisse.

135 1459 256 1499 Nunc
274 1460 400 1499 exitus
420 1469 475 1500 est
504 1460 622 1499 anni:
653 1472 752 1508 nam·
773 1473 844 1512 ego
868 1460 938 1498 has
955 1460 1083 1498 literas
1112 1473 1145 1498 a.
1166 1460 1206 1499 d.

79 1514 189 1554 XIV
209 1514 293 1553 Cal.
317 1514 504 1555 Decemb.
532 1514 674 1567 scripsi.
716 1515 838 1553 Plane
867 1514 965 1552 nihil
984 1514 1094 1553 video
1117 1522 1208 1554 ante

81 1569 165 1608 Cal.
198 1569 361 1607 Januar.
395 1570 459 1621 agi
488 1582 611 1621 posse.
651 1569 769 1607 Nosti
801 1569 1051 1616 Marcellum,
1086 1582 1207 1621 quam

79 1623 212 1663 tardus
236 1630 274 1662 et
301 1637 442 1674 parum
469 1624 603 1663 efficax
621 1623 694 1669 sit3
723 1623 895 1675 itemque
914 1623 1067 1663 Servius
1086 1637 1206 1675 quam

79 1684 287 1717 cunctator.
317 1678 547 1729 Cujusmodi
578 1686 691 1730 putas
719 1677 793 1716 hoc
822 1691 915 1727 esse,
949 1685 1017 1716 aut
1047 1680 1117 1729 qui
1149 1678 1205 1726 id,

79 1732 184 1786 quod
203 1731 341 1781 nolint,
361 1733 544 1772 conficere
561 1746 685 1785 posse,
709 1732 792 1784 qui,
825 1745 912 1784 quae
942 1731 1118 1784 cupiunt,
1147 1739 1207 1770 ta-

79 1799 170 1826 men
184 1786 239 1825 ita
256 1786 394 1838 frigide
412 1795 546 1839 agunt,
566 1794 611 1826 ut
629 1787 732 1826 nolle
750 1786 1049 1825 existimentur?
1080 1786 1206 1826 Novis

78 1840 366 1893 magistratibus
384 1850 529 1891 autem,
550 1842 582 1880 si
601 1841 826 1880 Parthicum
850 1842 999 1880 bellum
1019 1841 1104 1890 erit,
1123 1840 1207 1880 haec

79 1909 194 1936 causa
210 1895 356 1947 primos
375 1908 524 1939 menses
545 1895 757 1948 occupabit.
798 1895 867 1935 Sin
886 1902 1017 1934 autem
1035 1907 1113 1934 non
1133 1895 1205 1934 erit

78 1951 163 1991 istic
180 1950 343 1997 bellum,
364 1957 432 1989 aut
449 1958 602 2013 tantum
622 1951 706 1997 erit,
719 1957 765 1989 ut
776 1962 855 1999 vos,
872 1957 940 1988 aut
957 1962 1202 1999 successores,

77 2005 205 2058 parvis
237 2003 378 2047 additis
405 2005 537 2057 mpiis,
571 2004 756 2044 sustinere
785 2004 960 2066 possint·
948 2033 961 2051 ,
991 2003 1203 2043 Curionem

77 2060 188 2102 video
206 2071 245 2101 se
264 2058 467 2111 dupliciter
480 2061 740 2110 Jactaturum·
769 2059 957 2110 primum,
983 2065 1028 2097 ut
1053 2056 1203 2109 aliquid

76 2114 227 2164 Caesari
227 2112 393 2161 adimam
405 2113 511 2164 mde,
519 2114 717 2167 utaliquid
723 2113 913 2166 Pompeio
922 2113 1079 2159 tribuat,
1088 2110 1202 2164 quid-

75 2171 148 2220 1143,
166 2167 382 2221 quamlibet
398 2175 513 2225 teum
526 2169 816 2213 munusculum.
838 2168 986 2260 Parglus
998 2179 1111 2220 porro
1121 2177 1211 2209 non>

851 2233 883 2261 x
