1481 2422
190 58 271 97 348
379 59 464 99 AD
493 59 793 101 DIVERSOS.
823 59 924 100 Iam.
944 59 1025 100 XI.
1052 60 1119 99 22.

191 168 329 208 (11-(311115
358 169 557 219 haberent,
589 170 820 210 sententiam
847 169 939 209 ferri
968 176 1167 222 oportere;
1204 167 1323 209 iidem

192 223 267 270 illi,
298 224 368 276 qui
400 225 537 272 solent,
562 225 833 264 reclamarunt.
874 225 1015 277 Itaque
1040 223 1188 276 excepti
1210 223 1329 267 etiam

195 278 297 325 estis,
310 292 375 317 me
386 279 631 318 vehementer
642 287 893 331 repugnante.
911 279 1117 328 Quocirca,
1127 278 1331 330 Segulium

197 333 456 385 negligamus,
477 334 546 386 qui
565 347 623 372 res
643 347 760 373 novas
779 334 919 386 quaerit
935 349 945 372 ε
976 346 1054 372 11011
1074 345 1153 384 quo
1166 339 1333 371 veterem

198 388 433 434 comederit,
423 402 432 411 ·
473 389 625 427 nullam
652 388 756 427 enim
781 388 946 428 habuit.
935 403 945 412 ·
982 387 1049 428 sed
1075 387 1178 426 hanc
1208 387 1334 440 ipsam

199 450 391 482 recentem
410 454 551 482 novam
570 442 777 482 devoravit.

257 497 377 546 Quod
395 504 526 536 autem
553 497 699 545 scribis,
725 504 776 546 te,
800 497 907 559 quod
931 510 1002 550 pro
1021 503 1058 536 te
1076 496 1161 549 ipso
1178 509 1257 536 non
1276 495 1337 535 fa-

203 552 295 614 01115,
318 552 359 590 id
378 564 448 604 pro
466 565 544 600 me,
565 559 610 590 ut
629 552 677 590 de
701 565 766 590 me
790 552 926 590 timeas
951 551 1126 604 aliquid;
1155 550 1263 590 omni
1283 558 1335 600 te,

202 607 261 645 vir
280 606 440 659 optime,
464 606 640 659 mihique
662 606 870 653 carissime,
902 607 1042 655 Brute,
1069 605 1117 645 de
1141 618 1207 644 me
1230 613 1339 644 metu

203 661 337 700 libero.
358 661 457 723 ‘Ego
476 661 595 709 enim,
620 674 708 713 quae
733 661 926 713 provideri
947 667 1144 714 poterunt,
1170 673 1249 699 non
1266 660 1340 699 fal-

203 716 292 754 lar
281 729 322 754 in
341 715 414 754 iis:
446 729 534 768 quae
553 716 771 755 cautionem
789 728 868 754 non
882 715 1096 764 habebunt,
1116 715 1165 754 de
1182 715 1244 754 his
1261 727 1340 753 non

207 771 261 809 ita
280 770 391 809 valde
410 771 554 809 laboro.
585 771 670 809 Sim
689 770 793 809 enim
811 770 1033 822 impudens,
1050 770 1083 809 si
1100 770 1190 822 plus
1208 777 1342 822 poetu-

208 825 301 872 lem,
323 838 443 877 quam
458 825 608 864 homini
627 838 650 863 a
667 838 798 864 rerum
816 823 955 864 natura
971 825 1091 864 tribui
1107 831 1246 877 potest.

264 880 384 928 Quod
403 879 501 918 mihi
519 879 708 932 praecipis,
725 887 770 918 ut
788 892 959 929 caveam,
971 892 1035 929 ne,
1055 879 1242 941 timendo,
1258 891 1343 919 ma-

209 934 269 987 gis
288 935 424 974 timere
447 947 589 986 cogar;
620 942 658 973 et
683 934 874 986 sapienter
896 941 934 973 et
956 933 1186 973 amicissime
1209 934 1344 987 praeci-

209 990 284 1042 pis.
314 989 390 1029 Sed
410 989 526 1028 velim
546 964 616 1028 tibi
635 989 876 1040 persuadeas,
893 1001 983 1028 cum
1002 996 1040 1028 te
1058 996 1202 1028 constet
1221 989 1346 1029 excel-

211 1045 290 1084 lere
320 1044 394 1083 hoc
426 1056 565 1096 genere
595 1043 760 1091 virtutis,
794 1051 838 1082 ut
871 1056 1075 1096 nunquam
1104 1043 1345 1106 extimescas,

217 1112 420 1151 nunquam
444 1100 679 1150 perturbere,
707 1111 771 1137 me
797 1098 889 1137 huic
916 1105 994 1137 tuae
1012 1097 1145 1137 virtuti
1171 1098 1348 1151 proxime

214 1154 402 1193 accedere.
431 1154 699 1202 Quamobrem
718 1165 844 1205 neque
862 1160 1037 1192 metuam
1055 1152 1287 1205 quidquam,
1308 1161 1346 1192 et

214 1210 356 1249 cavebo
375 1208 518 1247 omnia.
550 1207 626 1247 Sed
646 1207 746 1254 vide,
766 1220 816 1246 ne
835 1215 904 1246 tua
919 1209 1018 1258 jam,
1037 1208 1095 1246 mi
1113 1208 1252 1255 Brute,
1265 1208 1347 1247 cul-

214 1277 267 1316 pa
286 1263 417 1302 futura
435 1262 499 1310 sit,
520 1262 552 1301 si
577 1275 648 1314 ego
674 1261 891 1323 quidquam
916 1262 1088 1301 timeam.
1123 1262 1225 1301 Tuis
1243 1262 1348 1302 enim

217 1318 370 1370 opibus,
397 1326 435 1356 et
465 1317 666 1356 consulatu
697 1324 780 1363 tuo,
812 1316 930 1355 etiam
955 1317 986 1356 si
1014 1315 1141 1355 timidi
1166 1329 1348 1366 essemus,

221 1381 354 1412 tamen
374 1383 530 1411 omnem
543 1371 721 1410 timorem
741 1371 1015 1421 abjiceremus;
1036 1371 1248 1423 prasertim
1259 1385 1350 1411 cum

219 1439 447 1480 persuasum
459 1425 641 1465 omnibus
654 1433 764 1474 esset,
785 1425 961 1480 mihique
978 1425 1165 1477 maxime,
1185 1439 1209 1465 a
1228 1432 1265 1466 te
1283 1439 1353 1466 nos

219 1482 333 1521 unice
351 1481 473 1532 diligi.

277 1536 456 1576 Consiliis
475 1535 566 1582 tuis,
588 1548 675 1588 quae
700 1534 833 1574 scribis
858 1534 905 1575 de
929 1543 1095 1588 quatuor
1120 1535 1352 1588 legionibus,

223 1591 350 1644 deque
374 1590 475 1643 agris
502 1589 743 1642 assignandis
768 1592 817 1629 ab
844 1590 1017 1642 utrisque
1035 1593 1219 1639 vestrim,
1239 1591 1355 1630 vehe-

225 1653 375 1685 menter
400 1645 595 1684 assentior.
640 1645 794 1697 Itaque,
822 1658 912 1684 cum
938 1645 1098 1697 quidam
1126 1645 1174 1684 de
1200 1646 1354 1698 collegis

224 1699 366 1740 nostris
395 1699 586 1751 agrariam
609 1700 846 1738 curationem
866 1700 1113 1752 ligurrirent;
1143 1699 1355 1739 disturbavi

225 1768 323 1804 rem,
355 1762 554 1806 totamque
586 1754 694 1793 vobis
723 1754 916 1806 integram
947 1754 1148 1794 roeervavi.
1189 1755 1231 1794 Si
1259 1754 1355 1808 quid

225 1811 297 1850 erit
326 1809 526 1855 occultius,
557 1815 595 1848 et
629 1810 693 1861 (ut
714 1809 864 1857 scribis)
893 1809 1148 1858 reconditum,
1181 1821 1357 1848 meorum

227 1865 402 1926 aliquem
417 1863 587 1912 mittatn,
613 1875 691 1916 quo
715 1863 867 1902 fidelius
885 1863 935 1902 ad
957 1871 996 1904 te
1018 1864 1139 1903 literae
1161 1863 1358 1917 perferan-

230 1928 306 1959 tur.
338 1917 469 1958 Pridie
491 1918 628 1957 Nonas
645 1917 774 1957 Junii.
809 1917 922 1958 Vale.

270 2026 387 2078 (22.)
418 2026 480 2066 Μ.
496 2026 549 2066 Τ.
571 2027 617 2067 C.
648 2027 702 2066 D.
729 2027 948 2075 BRUTO,
978 2026 1102 2065 IMP.
1128 2027 1169 2068 S.
1191 2027 1237 2066 P.
1258 2027 1312 2066 D.

289 2137 349 2199 (A
354 2136 936 2188 rgmncntum.-—Com1nendat
942 2137 1122 2190 Appium
1135 2136 1360 2186 Claudium,

236 2204 305 2243 qm
329 2204 420 2230 cum
439 2191 615 2252 Antonio
644 2204 684 2230 se
716 2192 994 2243 conjunxerat3
1034 2199 1076 2232 ut
1113 2204 1161 2231 cx
1190 2191 1361 2233 hostium

223 2259 401 2286 „numero
421 2254 643 2291 eximatur.)
