1501 2407
215 113 267 150 24
447 112 528 151 AD
558 112 854 153 DIVERSOS.
884 112 984 151 Lm.
1002 112 1036 151 Ι.
1065 115 1103 153 9.

216 220 338 267 vium,
359 221 513 272 qualem
530 234 594 260 me
612 229 649 260 et
662 234 742 259 aese
760 229 798 260 et
808 221 1001 259 numerari
1013 222 1113 269 volo,
1128 228 1167 260 et
1185 228 1335 260 senten-

216 274 271 312 tia
290 282 327 312 et
344 275 518 314 voluntas
529 283 678 314 mutata
692 287 771 313 esse
783 275 906 314 debet.
936 275 985 313 Id
999 275 1101 314 enim
1110 277 1221 325 jubet
1230 276 1334 315 idem

218 328 284 366 ifle
310 329 435 377 Plato,
465 343 582 380 quem
608 342 678 380 ego
697 329 939 367 vehementer
966 338 1158 368 auctorem
1184 343 1334 381 sequor,

220 385 249 405 ‘⁶
265 382 440 421 Tantum
459 384 683 422 contendere
696 383 737 421 in
750 383 958 435 republica,
975 391 1165 435 quantum
1176 386 1337 434 probare

220 436 296 474 tuis
316 437 460 475 civibus
477 438 596 488 possis
612 453 625 483 ς
645 437 724 474 vim
739 449 863 488 neque
874 438 1036 488 parenti,
1049 450 1174 488 neque
1188 438 1336 489 patriae,

220 490 347 528 afferri
375 492 586 542 oportere.''
622 491 757 542 Atque
785 491 884 529 hanc
905 491 1063 542 quidem
1091 491 1157 529 ille
1181 504 1336 530 causam

223 544 295 582 sibi
313 545 366 582 ait
378 557 454 583 non
470 545 700 596 attingendae
711 545 929 596 reipublicae
940 545 1079 584 fuisse:
1107 545 1224 597 quod,
1248 559 1338 584 cum

219 598 435 637 offendisset
463 600 653 651 populum
682 599 960 637 Atheniensem
989 613 1107 651 prope
1128 601 1211 649 jam
1241 599 1339 638 desi-

215 652 386 703 pientem
404 661 608 701 senectute,
623 666 789 704 cumque
803 666 892 690 eum
910 666 979 692 nec
998 653 1259 704 persuadendo
1270 666 1340 692 nec

218 706 386 757 cogendo
415 708 495 758 regi
524 720 634 758 posse
660 707 827 754 vidisset,
858 720 947 745 cum
980 707 1200 758 persuaderi
1230 721 1340 759 posse

218 760 419 808 diffideret,
441 761 524 812 cogi
543 762 599 799 fas
618 773 697 799 esse
715 773 790 798 non
811 761 1068 800 arbitraretur.

272 814 368 853 Mea
381 815 476 853 ratio
494 815 569 853 fuit
587 815 675 861 alia,
689 815 807 866 quod,
823 827 947 866 neque
962 815 1168 866 desipiente
1178 815 1337 867 populo,

217 881 342 919 neque
361 869 510 920 integra
530 882 569 906 re
580 844 678 906 mihi
692 868 741 906 ad
753 868 1042 914 consulendum,
1056 882 1340 921 capesseremne

217 922 508 973 rempublicam,
529 923 748 974 implicatus
767 926 933 961 tenebar.
963 922 1039 961 Sed
1049 923 1199 961 laetatus
1210 930 1339 962 tamen

217 989 319 1023 sum,
353 977 456 1027 quod
487 977 585 1014 mihi
614 976 757 1024 liceret,
787 976 829 1013 in
859 976 994 1015 eadem
1023 978 1150 1026 eausa,
1180 985 1218 1015 et
1241 978 1340 1016 mihi

218 1030 343 1078 utilia,
372 1038 408 1068 et
427 1031 547 1069 cuivis
575 1033 677 1068 bono
695 1037 810 1078 recta,
831 1030 1041 1069 defendere.
1078 1031 1170 1070 Huc
1188 1033 1341 1070 acooesit

217 1085 552 1122 commemoranda
585 1098 634 1136 qu
641 1084 762 1122 aedam
793 1092 829 1123 et
855 1084 986 1122 divina
1017 1084 1177 1124 Caesaris
1206 1085 1247 1124 in
1275 1098 1341 1125 me

216 1138 451 1190 fratremque
470 1151 603 1177 meum
620 1138 852 1183 liberalitas;
873 1138 941 1190 qui
955 1138 1066 1186 mihi,
1076 1152 1341 1192 quascumque

215 1205 275 1230 res
293 1200 451 1243 gereret,
472 1192 637 1231 tuendus
662 1200 768 1230 esset.
807 1193 849 1231 N
852 1205 940 1241 unc,
965 1192 1007 1230 111
1032 1192 1139 1232 tanta
1160 1193 1339 1233 felicitate

215 1247 407 1297 tantisque
426 1246 602 1293 victoriis,
627 1246 743 1284 etiam
772 1246 803 1284 si
825 1247 866 1284 in
888 1259 957 1285 nos
979 1258 1057 1284 non
1082 1247 1114 1285 is
1138 1255 1246 1295 esset,
1268 1248 1337 1299 qui

217 1308 288 1345 est,
301 1308 430 1338 tamen
442 1299 634 1338 ornandus
646 1299 847 1338 videretur.
878 1300 941 1339 Sic
952 1301 1056 1338 enim
1070 1308 1108 1339 te
1120 1301 1338 1341 existimare

217 1354 359 1399 velim3
391 1366 480 1392 cum
500 1367 522 1392 a
541 1354 662 1402 vobis,
683 1367 779 1392 meae
798 1354 929 1392 salutis
947 1354 1179 1404 auctoribus,
1200 1355 1338 1394 disces-

218 1408 346 1456 serim,
367 1408 563 1446 neminem
588 1420 680 1456 esse,
702 1409 810 1458 cujus
836 1407 966 1447 officiis
988 1421 1051 1446 me
1075 1416 1156 1447 tam
1176 1423 1254 1448 esse
1272 1409 1338 1448 de-

217 1461 390 1500 vinctum
404 1473 481 1499 non
500 1462 625 1499 solum
645 1461 836 1509 confitear,
857 1462 923 1500 sed
942 1462 1057 1500 etiam
1076 1463 1279 1514 gaudeam.

271 1515 391 1564 Quod
408 1515 591 1567 quoniam
606 1515 677 1553 tibi
696 1517 867 1567 exposui,
883 1516 1010 1554 facilia
1029 1524 1118 1554 sunt
1132 1530 1189 1566 ea,
1211 1530 1299 1569 quae
1316 1531 1340 1557 a

216 1582 281 1607 me
295 1569 342 1607 de
354 1569 512 1608 Vatinio
532 1578 568 1607 et
583 1569 630 1607 de
649 1569 784 1608 Crasso
799 1570 971 1622 requiris.
1002 1571 1109 1608 Nam
1127 1571 1175 1609 de
1187 1572 1336 1623 Appio,

217 1623 323 1675 quod
342 1623 485 1670 scribis,
503 1623 614 1661 sicuti
632 1623 678 1662 de
699 1624 861 1670 Caesare,
885 1633 922 1662 te
940 1636 1017 1662 non
1036 1625 1334 1676 reprehendere3

218 1677 368 1728 gaudeo
383 1677 585 1716 consilium
603 1677 674 1715 tibi
687 1679 842 1728 probari
855 1691 1000 1716 meum.
1023 1677 1085 1717 De
1098 1679 1255 1717 Vatinio
1268 1693 1337 1717 au-

218 1738 323 1776 tem;
358 1731 532 1782 primum
552 1731 695 1769 reditus
721 1732 981 1771 intercesserat
1010 1731 1245 1783 in*¹gratiam
1269 1742 1338 1785 per

222 1785 467 1837 Pompeium,
489 1785 617 1823 statim
635 1793 679 1823 ut
692 1785 757 1823 ille
768 1794 906 1837 praetor
926 1794 980 1824 est
993 1786 1128 1834 factus,
1148 1799 1237 1825 cum
1252 1788 1339 1839 qui-

217 1839 308 1877 dem
326 1852 396 1890 ego
408 1840 489 1888 ejus
504 1839 725 1890 petitionem
740 1841 971 1891 gravissimis
985 1840 1026 1877 111
1038 1848 1170 1878 senatu
1189 1849 1338 1879 senten-

219 1892 282 1931 tiis
312 1894 609 1944 oppugnassem,
643 1906 768 1944 neque
790 1902 871 1932 tam
896 1894 1000 1932 illius
1023 1895 1185 1932 laedendi
1209 1895 1337 1942 causa,

219 1960 339 1998 quam
359 1947 587 1985 defendendi
601 1955 716 1998 atque
735 1948 895 1986 ornandi
908 1948 1076 1986 Catonis.
1106 1950 1199 1987 Post
1210 1957 1341 1987 autem

219 2001 393 2049 Caesaris,
409 2008 454 2038 ut
470 2000 585 2038 inum
597 2000 853 2050 defenderem,
866 2003 965 2040 mira
983 2003 1171 2041 contentio
1183 2010 1239 2041 aet
1253 2015 1342 2041 con-

220 2062 360 2094 secuta.
391 2055 472 2093 Cur
491 2063 621 2093 autem
639 2055 845 2104 laudarim,
864 2064 953 2108 peto
971 2069 993 2094 a
1019 2063 1069 2104 te,
1099 2064 1144 2095 ut
1160 2056 1201 2094 id
1218 2069 1241 2094 a
1262 2069 1339 2105 me,

219 2121 315 2147 neve
334 2109 375 2146 in
393 2108 466 2147 hoc
491 2121 570 2157 re0,
589 2121 684 2148 neve
700 2109 742 2147 in
764 2110 862 2157 aliis,
882 2110 1077 2161 requiras;
1109 2123 1158 2148 ne
1176 2110 1246 2148 tibi
1270 2119 1341 2161 ego

215 2162 321 2201 idem
349 2175 548 2214 reponam,
578 2175 667 2202 cum
698 2163 843 2202 veneris
859 2177 869 2201 t
912 2164 1062 2202 tametsi
1098 2176 1253 2216 possum
1281 2163 1342 2202 vel

206 2217 382 2257 absenti.
411 2216 628 2258 Recordare
646 2217 763 2268 enim,
780 2217 922 2270 quibus
938 2217 1200 2259 laudationem
1217 2230 1266 2257 ex
1283 2216 1346 2256 ul-
