<?xml version="1.0" encoding="UTF-8"?>
<!DOCTYPE html PUBLIC "-//W3C//DTD XHTML 1.0 Transitional//EN"
    "http://www.w3.org/TR/xhtml1/DTD/xhtml1-transitional.dtd">
<html xmlns="http://www.w3.org/1999/xhtml" xml:lang="en" lang="en">
 <head>
  <title>
</title>
<meta http-equiv="Content-Type" content="text/html;charset=utf-8" />
  <meta name='ocr-system' content='tesseract 3.04.00' />
  <meta name='ocr-capabilities' content='ocr_page ocr_carea ocr_par ocr_line ocrx_word'/>
</head>
<body>
  <div class='ocr_page' id='page_1' title='image "./operaern09ciceuoft_0239.png"; bbox 0 0 1501 2407; ppageno 0'>
   <div class='ocr_carea' id='block_1_1' title="bbox 300 80 1248 128">
    <p class='ocr_par' dir='ltr' id='par_1_1' title="bbox 300 80 1248 128">
     <span class='ocr_line' id='line_1_1' title="bbox 300 80 1248 128; baseline 0.001 -8"><span class='ocrx_word' id='word_1_1' title='bbox 300 80 383 120; x_wconf 80' lang='lat' dir='ltr'>AD</span> <span class='ocrx_word' id='word_1_2' title='bbox 412 81 710 127; x_wconf 71' lang='lat' dir='ltr'>D1VERsO‘s.</span> <span class='ocrx_word' id='word_1_3' title='bbox 741 81 842 121; x_wconf 75' lang='lat' dir='ltr'>Lm.</span> <span class='ocrx_word' id='word_1_4' title='bbox 873 82 998 121; x_wconf 89' lang='lat' dir='ltr'>V111.</span> <span class='ocrx_word' id='word_1_5' title='bbox 1029 84 1066 128; x_wconf 86' lang='grc'>7.</span> <span class='ocrx_word' id='word_1_6' title='bbox 1168 83 1248 121; x_wconf 82' lang='lat'>225</span> 
     </span>
    </p>
   </div>
   <div class='ocr_carea' id='block_1_2' title="bbox 115 188 1252 1639">
    <p class='ocr_par' dir='ltr' id='par_1_2' title="bbox 124 188 1252 513">
     <span class='ocr_line' id='line_1_2' title="bbox 182 188 1252 242; baseline 0.003 -15"><span class='ocrx_word' id='word_1_7' title='bbox 182 188 390 241; x_wconf 87' lang='lat' dir='ltr'>Pompeius</span> <span class='ocrx_word' id='word_1_8' title='bbox 422 190 560 228; x_wconf 80' lang='lat' dir='ltr'>dicitur</span> <span class='ocrx_word' id='word_1_9' title='bbox 587 190 698 229; x_wconf 90' lang='lat' dir='ltr'>valde</span> <span class='ocrx_word' id='word_1_10' title='bbox 726 204 796 242; x_wconf 90' lang='lat' dir='ltr'>pro</span> <span class='ocrx_word' id='word_1_11' title='bbox 827 191 961 242; x_wconf 84' lang='lat' dir='ltr'>Appio</span> <span class='ocrx_word' id='word_1_12' title='bbox 989 192 1175 239; x_wconf 88' lang='lat' dir='ltr'>laborare,</span> <span class='ocrx_word' id='word_1_13' title='bbox 1205 199 1252 229; x_wconf 86' lang='lat' dir='ltr'>ut</span> 
     </span>
     <span class='ocr_line' id='line_1_3' title="bbox 125 243 1248 295; baseline 0.001 -14"><span class='ocrx_word' id='word_1_14' title='bbox 125 243 241 282; x_wconf 83' lang='lat' dir='ltr'>etiam</span> <span class='ocrx_word' id='word_1_15' title='bbox 273 251 409 295; x_wconf 86' lang='lat' dir='ltr'>putent</span> <span class='ocrx_word' id='word_1_16' title='bbox 435 244 662 282; x_wconf 83' lang='lat' dir='ltr'>alterutrum</span> <span class='ocrx_word' id='word_1_17' title='bbox 695 244 742 283; x_wconf 90' lang='lat' dir='ltr'>de</span> <span class='ocrx_word' id='word_1_18' title='bbox 771 245 859 283; x_wconf 87' lang='lat' dir='ltr'>filiis</span> <span class='ocrx_word' id='word_1_19' title='bbox 887 246 936 283; x_wconf 87' lang='lat' dir='ltr'>ad</span> <span class='ocrx_word' id='word_1_20' title='bbox 965 253 1003 283; x_wconf 89' lang='lat' dir='ltr'>te</span> <span class='ocrx_word' id='word_1_21' title='bbox 1027 246 1248 284; x_wconf 79' lang='lat' dir='ltr'>missurum.</span> 
     </span>
     <span class='ocr_line' id='line_1_4' title="bbox 127 297 1251 346; baseline 0.003 -11"><span class='ocrx_word' id='word_1_22' title='bbox 127 297 208 335; x_wconf 71' lang='lat' dir='ltr'>Hic</span> <span class='ocrx_word' id='word_1_23' title='bbox 237 309 306 335; x_wconf 87' lang='lat' dir='ltr'>nos</span> <span class='ocrx_word' id='word_1_24' title='bbox 337 310 470 336; x_wconf 84' lang='lat' dir='ltr'>omnes</span> <span class='ocrx_word' id='word_1_25' title='bbox 500 298 758 337; x_wconf 85' lang='lat' dir='ltr'>absolvimus:</span> <span class='ocrx_word' id='word_1_26' title='bbox 789 306 827 337; x_wconf 86' lang='lat' dir='ltr'>et</span> <span class='ocrx_word' id='word_1_27' title='bbox 856 299 1050 346; x_wconf 82' lang='lat' dir='ltr'>(hercule)</span> <span class='ocrx_word' id='word_1_28' title='bbox 1081 300 1251 338; x_wconf 83' lang='lat' dir='ltr'>confecta</span> 
     </span>
     <span class='ocr_line' id='line_1_5' title="bbox 124 351 1249 399; baseline 0.002 -11"><span class='ocrx_word' id='word_1_29' title='bbox 124 351 268 399; x_wconf 87' lang='lat' dir='ltr'>omnia,</span> <span class='ocrx_word' id='word_1_30' title='bbox 287 351 401 399; x_wconf 87' lang='lat' dir='ltr'>foeda,</span> <span class='ocrx_word' id='word_1_31' title='bbox 422 359 459 390; x_wconf 90' lang='lat' dir='ltr'>et</span> <span class='ocrx_word' id='word_1_32' title='bbox 476 352 678 390; x_wconf 85' lang='lat' dir='ltr'>inhonesta</span> <span class='ocrx_word' id='word_1_33' title='bbox 696 360 796 391; x_wconf 81' lang='lat' dir='ltr'>sunt.</span> <span class='ocrx_word' id='word_1_34' title='bbox 827 353 1011 392; x_wconf 83' lang='lat' dir='ltr'>Consules</span> <span class='ocrx_word' id='word_1_35' title='bbox 1031 360 1161 391; x_wconf 86' lang='lat' dir='ltr'>autem</span> <span class='ocrx_word' id='word_1_36' title='bbox 1179 354 1249 390; x_wconf 88' lang='lat' dir='ltr'>ha-</span> 
     </span>
     <span class='ocr_line' id='line_1_6' title="bbox 124 404 1247 457; baseline 0.004 -15"><span class='ocrx_word' id='word_1_37' title='bbox 124 406 260 443; x_wconf 82' lang='lat' dir='ltr'>bemus</span> <span class='ocrx_word' id='word_1_38' title='bbox 280 404 432 443; x_wconf 69' lang='lat' dir='ltr'>summa</span> <span class='ocrx_word' id='word_1_39' title='bbox 446 406 667 457; x_wconf 69' lang='lat' dir='ltr'>diligentia:</span> <span class='ocrx_word' id='word_1_40' title='bbox 699 407 824 445; x_wconf 82' lang='lat' dir='ltr'>adhuc</span> <span class='ocrx_word' id='word_1_41' title='bbox 843 409 1247 456; x_wconf 55' lang='lat' dir='ltr'>senatus-consultum,</span> 
     </span>
     <span class='ocr_line' id='line_1_7' title="bbox 124 459 1110 513; baseline 0.003 -16"><span class='ocrx_word' id='word_1_42' title='bbox 124 459 198 497; x_wconf 82' lang='lat' dir='ltr'>nisi</span> <span class='ocrx_word' id='word_1_43' title='bbox 216 459 263 497; x_wconf 88' lang='lat' dir='ltr'>de</span> <span class='ocrx_word' id='word_1_44' title='bbox 280 459 383 498; x_wconf 83' lang='lat' dir='ltr'>feriis</span> <span class='ocrx_word' id='word_1_45' title='bbox 402 460 566 509; x_wconf 87' lang='lat' dir='ltr'>Latinis,</span> <span class='ocrx_word' id='word_1_46' title='bbox 587 461 742 498; x_wconf 86' lang='lat' dir='ltr'>nullum</span> <span class='ocrx_word' id='word_1_47' title='bbox 757 461 878 500; x_wconf 84' lang='lat' dir='ltr'>facere</span> <span class='ocrx_word' id='word_1_48' title='bbox 891 469 1110 513; x_wconf 89' lang='lat' dir='ltr'>potuerunt.</span> 
     </span>
    </p>

    <p class='ocr_par' dir='ltr' id='par_1_3' title="bbox 122 513 1248 932">
     <span class='ocr_line' id='line_1_8' title="bbox 179 513 1248 567; baseline 0.003 -16"><span class='ocrx_word' id='word_1_49' title='bbox 179 513 340 552; x_wconf 86' lang='lat' dir='ltr'>Curioni</span> <span class='ocrx_word' id='word_1_50' title='bbox 356 524 485 553; x_wconf 88' lang='lat' dir='ltr'>nostro</span> <span class='ocrx_word' id='word_1_51' title='bbox 503 515 720 553; x_wconf 82' lang='lat' dir='ltr'>tribunatus</span> <span class='ocrx_word' id='word_1_52' title='bbox 739 516 960 567; x_wconf 84' lang='lat' dir='ltr'>conglaciat·</span> <span class='ocrx_word' id='word_1_53' title='bbox 987 516 1063 555; x_wconf 89' lang='lat' dir='ltr'>Sed</span> <span class='ocrx_word' id='word_1_54' title='bbox 1081 516 1156 554; x_wconf 85' lang='lat' dir='ltr'>dici</span> <span class='ocrx_word' id='word_1_55' title='bbox 1169 528 1248 554; x_wconf 89' lang='lat' dir='ltr'>non</span> 
     </span>
     <span class='ocr_line' id='line_1_9' title="bbox 123 568 1247 621; baseline 0.003 -16"><span class='ocrx_word' id='word_1_56' title='bbox 123 574 261 619; x_wconf 83' lang='lat' dir='ltr'>potest,</span> <span class='ocrx_word' id='word_1_57' title='bbox 283 569 476 620; x_wconf 89' lang='lat' dir='ltr'>quomodo</span> <span class='ocrx_word' id='word_1_58' title='bbox 500 568 565 607; x_wconf 84' lang='lat' dir='ltr'>hic</span> <span class='ocrx_word' id='word_1_59' title='bbox 583 570 714 608; x_wconf 86' lang='lat' dir='ltr'>omnia</span> <span class='ocrx_word' id='word_1_60' title='bbox 739 571 902 621; x_wconf 85' lang='lat' dir='ltr'>jaceant.</span> <span class='ocrx_word' id='word_1_61' title='bbox 944 570 1034 608; x_wconf 87' lang='lat' dir='ltr'>Nisi</span> <span class='ocrx_word' id='word_1_62' title='bbox 1061 583 1130 621; x_wconf 86' lang='lat' dir='ltr'>ego</span> <span class='ocrx_word' id='word_1_63' title='bbox 1156 581 1247 608; x_wconf 89' lang='lat' dir='ltr'>cum</span> 
     </span>
     <span class='ocr_line' id='line_1_10' title="bbox 125 623 1247 675; baseline 0.001 -15"><span class='ocrx_word' id='word_1_64' title='bbox 125 623 349 661; x_wconf 80' lang='lat' dir='ltr'>tabernariis</span> <span class='ocrx_word' id='word_1_65' title='bbox 369 631 405 661; x_wconf 85' lang='lat' dir='ltr'>et</span> <span class='ocrx_word' id='word_1_66' title='bbox 422 623 589 674; x_wconf 81' lang='lat' dir='ltr'>aquariis</span> <span class='ocrx_word' id='word_1_67' title='bbox 607 636 835 675; x_wconf 80' lang='lat' dir='ltr'>pugnarem,</span> <span class='ocrx_word' id='word_1_68' title='bbox 857 631 1033 663; x_wconf 79' lang='lat' dir='ltr'>veternus</span> <span class='ocrx_word' id='word_1_69' title='bbox 1055 624 1247 663; x_wconf 82' lang='lat' dir='ltr'>civitatem</span> 
     </span>
     <span class='ocr_line' id='line_1_11' title="bbox 125 676 1248 728; baseline 0.003 -14"><span class='ocrx_word' id='word_1_70' title='bbox 125 676 354 728; x_wconf 87' lang='lat' dir='ltr'>occupasset.</span> <span class='ocrx_word' id='word_1_71' title='bbox 386 677 428 716; x_wconf 90' lang='lat' dir='ltr'>Si</span> <span class='ocrx_word' id='word_1_72' title='bbox 452 677 588 716; x_wconf 84' lang='lat' dir='ltr'>Parthi</span> <span class='ocrx_word' id='word_1_73' title='bbox 614 691 681 716; x_wconf 81' lang='lat' dir='ltr'>vos</span> <span class='ocrx_word' id='word_1_74' title='bbox 711 679 810 716; x_wconf 87' lang='lat' dir='ltr'>nihil</span> <span class='ocrx_word' id='word_1_75' title='bbox 839 678 1058 726; x_wconf 72' lang='lat' dir='ltr'>calfaciunt,</span> <span class='ocrx_word' id='word_1_76' title='bbox 1088 691 1157 717; x_wconf 91' lang='lat' dir='ltr'>nos</span> <span class='ocrx_word' id='word_1_77' title='bbox 1181 678 1248 717; x_wconf 82' lang='lat' dir='ltr'>hic</span> 
     </span>
     <span class='ocr_line' id='line_1_12' title="bbox 122 731 1248 784; baseline 0.003 -16"><span class='ocrx_word' id='word_1_78' title='bbox 122 731 261 782; x_wconf 81' lang='lat' dir='ltr'>frigore</span> <span class='ocrx_word' id='word_1_79' title='bbox 282 731 531 782; x_wconf 55' lang='lat' dir='ltr'>[rigescimus.</span> <span class='ocrx_word' id='word_1_80' title='bbox 572 731 739 780; x_wconf 82' lang='lat' dir='ltr'>Tamen,</span> <span class='ocrx_word' id='word_1_81' title='bbox 769 746 926 784; x_wconf 85' lang='lat' dir='ltr'>quoquo</span> <span class='ocrx_word' id='word_1_82' title='bbox 946 733 1062 771; x_wconf 88' lang='lat' dir='ltr'>modo</span> <span class='ocrx_word' id='word_1_83' title='bbox 1081 733 1146 771; x_wconf 82' lang='lat' dir='ltr'>hie</span> <span class='ocrx_word' id='word_1_84' title='bbox 1165 745 1248 770; x_wconf 90' lang='lat' dir='ltr'>om-</span> 
     </span>
     <span class='ocr_line' id='line_1_13' title="bbox 124 785 1248 837; baseline 0.002 -14"><span class='ocrx_word' id='word_1_85' title='bbox 124 785 190 823; x_wconf 83' lang='lat' dir='ltr'>nia</span> <span class='ocrx_word' id='word_1_86' title='bbox 205 787 369 835; x_wconf 84' lang='lat' dir='ltr'>jaceant,</span> <span class='ocrx_word' id='word_1_87' title='bbox 390 786 516 837; x_wconf 87' lang='lat' dir='ltr'>potuit</span> <span class='ocrx_word' id='word_1_88' title='bbox 535 786 615 824; x_wconf 89' lang='lat' dir='ltr'>sine</span> <span class='ocrx_word' id='word_1_89' title='bbox 635 787 799 825; x_wconf 83' lang='lat' dir='ltr'>Parthis.</span> <span class='ocrx_word' id='word_1_90' title='bbox 830 787 1032 826; x_wconf 87' lang='lat' dir='ltr'>Bibulus</span> <span class='ocrx_word' id='word_1_91' title='bbox 1021 800 1062 825; x_wconf 88' lang='lat' dir='ltr'>m</span> <span class='ocrx_word' id='word_1_92' title='bbox 1087 787 1248 825; x_wconf 87' lang='lat' dir='ltr'>Amano</span> 
     </span>
     <span class='ocr_line' id='line_1_14' title="bbox 124 839 1247 892; baseline 0.003 -15"><span class='ocrx_word' id='word_1_93' title='bbox 124 839 249 878; x_wconf 86' lang='lat' dir='ltr'>nescio</span> <span class='ocrx_word' id='word_1_94' title='bbox 268 840 363 892; x_wconf 89' lang='lat' dir='ltr'>quid</span> <span class='ocrx_word' id='word_1_95' title='bbox 389 840 711 878; x_wconf 83' lang='lat' dir='ltr'>cohorticularum</span> <span class='ocrx_word' id='word_1_96' title='bbox 731 841 870 880; x_wconf 79' lang='lat' dir='ltr'>amisit.</span> <span class='ocrx_word' id='word_1_97' title='bbox 914 841 1002 880; x_wconf 80' lang='lat' dir='ltr'>Hoc</span> <span class='ocrx_word' id='word_1_98' title='bbox 1021 842 1074 880; x_wconf 82' lang='lat' dir='ltr'>sic</span> <span class='ocrx_word' id='word_1_99' title='bbox 1091 841 1247 879; x_wconf 80' lang='lat' dir='ltr'>nuntia-</span> 
     </span>
     <span class='ocr_line' id='line_1_15' title="bbox 124 901 297 932; baseline 0.006 -1"><span class='ocrx_word' id='word_1_100' title='bbox 124 901 210 932; x_wconf 89' lang='lat' dir='ltr'>tum</span> <span class='ocrx_word' id='word_1_101' title='bbox 230 901 297 932; x_wconf 78' lang='lat' dir='ltr'>est.</span> 
     </span>
    </p>

    <p class='ocr_par' dir='ltr' id='par_1_4' title="bbox 120 948 1249 1327">
     <span class='ocr_line' id='line_1_16' title="bbox 177 948 1243 1001; baseline 0.002 -15"><span class='ocrx_word' id='word_1_102' title='bbox 177 948 297 996; x_wconf 85' lang='lat' dir='ltr'>Quod</span> <span class='ocrx_word' id='word_1_103' title='bbox 315 948 386 987; x_wconf 90' lang='lat' dir='ltr'>tibi</span> <span class='ocrx_word' id='word_1_104' title='bbox 404 962 521 1000; x_wconf 88' lang='lat' dir='ltr'>supra</span> <span class='ocrx_word' id='word_1_105' title='bbox 539 949 683 1001; x_wconf 76' lang='lat' dir='ltr'>scripsi,</span> <span class='ocrx_word' id='word_1_106' title='bbox 716 949 925 989; x_wconf 85' lang='lat' dir='ltr'>Curionem</span> <span class='ocrx_word' id='word_1_107' title='bbox 945 949 1055 988; x_wconf 84' lang='lat' dir='ltr'>valde</span> <span class='ocrx_word' id='word_1_108' title='bbox 1079 949 1243 1001; x_wconf 81' lang='lat' dir='ltr'>frigere3</span> 
     </span>
     <span class='ocr_line' id='line_1_17' title="bbox 120 1003 1249 1056; baseline 0.003 -16"><span class='ocrx_word' id='word_1_109' title='bbox 120 1003 205 1052; x_wconf 90' lang='lat' dir='ltr'>jam</span> <span class='ocrx_word' id='word_1_110' title='bbox 224 1003 343 1041; x_wconf 87' lang='lat' dir='ltr'>calet:</span> <span class='ocrx_word' id='word_1_111' title='bbox 370 1015 462 1040; x_wconf 86' lang='lat' dir='ltr'>nam</span> <span class='ocrx_word' id='word_1_112' title='bbox 474 1003 748 1042; x_wconf 79' lang='lat' dir='ltr'>ferventissime</span> <span class='ocrx_word' id='word_1_113' title='bbox 767 1004 1016 1056; x_wconf 81' lang='lat' dir='ltr'>concerpitur.</span> <span class='ocrx_word' id='word_1_114' title='bbox 1035 1004 1249 1043; x_wconf 87' lang='lat' dir='ltr'>Levissime</span> 
     </span>
     <span class='ocr_line' id='line_1_18' title="bbox 125 1056 1248 1108; baseline 0.003 -14"><span class='ocrx_word' id='word_1_115' title='bbox 125 1056 243 1104; x_wconf 89' lang='lat' dir='ltr'>enim,</span> <span class='ocrx_word' id='word_1_116' title='bbox 265 1057 356 1108; x_wconf 89' lang='lat' dir='ltr'>quia</span> <span class='ocrx_word' id='word_1_117' title='bbox 374 1057 421 1095; x_wconf 89' lang='lat' dir='ltr'>de</span> <span class='ocrx_word' id='word_1_118' title='bbox 439 1057 698 1096; x_wconf 77' lang='lat' dir='ltr'>intercalando</span> <span class='ocrx_word' id='word_1_119' title='bbox 716 1071 793 1096; x_wconf 85' lang='lat' dir='ltr'>non</span> <span class='ocrx_word' id='word_1_120' title='bbox 813 1059 1043 1105; x_wconf 84' lang='lat' dir='ltr'>obtinuerat,</span> <span class='ocrx_word' id='word_1_121' title='bbox 1078 1058 1248 1097; x_wconf 88' lang='lat' dir='ltr'>transfu-</span> 
     </span>
     <span class='ocr_line' id='line_1_19' title="bbox 122 1110 1247 1164; baseline 0.004 -17"><span class='ocrx_word' id='word_1_122' title='bbox 122 1110 180 1161; x_wconf 89' lang='lat' dir='ltr'>git</span> <span class='ocrx_word' id='word_1_123' title='bbox 198 1111 247 1148; x_wconf 88' lang='lat' dir='ltr'>ad</span> <span class='ocrx_word' id='word_1_124' title='bbox 265 1111 471 1162; x_wconf 85' lang='lat' dir='ltr'>populum,</span> <span class='ocrx_word' id='word_1_125' title='bbox 499 1121 536 1150; x_wconf 91' lang='lat' dir='ltr'>et</span> <span class='ocrx_word' id='word_1_126' title='bbox 554 1125 623 1163; x_wconf 87' lang='lat' dir='ltr'>pro</span> <span class='ocrx_word' id='word_1_127' title='bbox 643 1113 792 1150; x_wconf 78' lang='lat' dir='ltr'>Caesare</span> <span class='ocrx_word' id='word_1_128' title='bbox 809 1113 917 1164; x_wconf 88' lang='lat' dir='ltr'>loqui</span> <span class='ocrx_word' id='word_1_129' title='bbox 936 1113 1047 1163; x_wconf 76' lang='lat' dir='ltr'>coepit</span> <span class='ocrx_word' id='word_1_130' title='bbox 1062 1127 1071 1150; x_wconf 73' lang='grc' dir='ltr'>ε</span> <span class='ocrx_word' id='word_1_131' title='bbox 1101 1113 1247 1164; x_wconf 87' lang='lat' dir='ltr'>legem-</span> 
     </span>
     <span class='ocr_line' id='line_1_20' title="bbox 123 1165 1248 1217; baseline 0.003 -15"><span class='ocrx_word' id='word_1_132' title='bbox 123 1178 198 1216; x_wconf 92' lang='lat' dir='ltr'>que</span> <span class='ocrx_word' id='word_1_133' title='bbox 218 1165 407 1213; x_wconf 84' lang='lat' dir='ltr'>Viariam,</span> <span class='ocrx_word' id='word_1_134' title='bbox 428 1178 505 1203; x_wconf 87' lang='lat' dir='ltr'>non</span> <span class='ocrx_word' id='word_1_135' title='bbox 524 1167 747 1204; x_wconf 76' lang='lat' dir='ltr'>dissimilem</span> <span class='ocrx_word' id='word_1_136' title='bbox 766 1167 944 1217; x_wconf 77' lang='lat' dir='ltr'>Agrariae</span> <span class='ocrx_word' id='word_1_137' title='bbox 958 1167 1085 1215; x_wconf 88' lang='lat' dir='ltr'>Rulli,</span> <span class='ocrx_word' id='word_1_138' title='bbox 1106 1174 1143 1205; x_wconf 93' lang='lat' dir='ltr'>et</span> <span class='ocrx_word' id='word_1_139' title='bbox 1156 1167 1248 1205; x_wconf 87' lang='lat' dir='ltr'>Ali-</span> 
     </span>
     <span class='ocr_line' id='line_1_21' title="bbox 121 1219 1249 1271; baseline 0.004 -15"><span class='ocrx_word' id='word_1_140' title='bbox 121 1219 366 1265; x_wconf 71' lang='lat' dir='ltr'>mentm-iarn,</span> <span class='ocrx_word' id='word_1_141' title='bbox 398 1233 486 1271; x_wconf 80' lang='lat' dir='ltr'>quae</span> <span class='ocrx_word' id='word_1_142' title='bbox 503 1221 615 1270; x_wconf 87' lang='lat' dir='ltr'>jubet</span> <span class='ocrx_word' id='word_1_143' title='bbox 641 1221 768 1258; x_wconf 77' lang='lat' dir='ltr'>aediles</span> <span class='ocrx_word' id='word_1_144' title='bbox 795 1221 934 1267; x_wconf 87' lang='lat' dir='ltr'>metiri,</span> <span class='ocrx_word' id='word_1_145' title='bbox 959 1221 1128 1270; x_wconf 84' lang='lat' dir='ltr'>jactavit.</span> <span class='ocrx_word' id='word_1_146' title='bbox 1159 1221 1249 1261; x_wconf 87' lang='lat' dir='ltr'>Hoc</span> 
     </span>
     <span class='ocr_line' id='line_1_22' title="bbox 121 1273 1245 1327; baseline 0.003 -16"><span class='ocrx_word' id='word_1_147' title='bbox 121 1273 297 1311; x_wconf 88' lang='lat' dir='ltr'>nondum</span> <span class='ocrx_word' id='word_1_148' title='bbox 310 1273 465 1320; x_wconf 85' lang='lat' dir='ltr'>fecerat,</span> <span class='ocrx_word' id='word_1_149' title='bbox 479 1287 567 1312; x_wconf 89' lang='lat' dir='ltr'>cum</span> <span class='ocrx_word' id='word_1_150' title='bbox 582 1275 747 1325; x_wconf 83' lang='lat' dir='ltr'>priorem</span> <span class='ocrx_word' id='word_1_151' title='bbox 759 1282 907 1326; x_wconf 85' lang='lat' dir='ltr'>partem</span> <span class='ocrx_word' id='word_1_152' title='bbox 921 1275 1090 1326; x_wconf 79' lang='lat' dir='ltr'>epistolae</span> <span class='ocrx_word' id='word_1_153' title='bbox 1101 1276 1245 1327; x_wconf 86' lang='lat' dir='ltr'>scripsi.</span> 
     </span>
    </p>

    <p class='ocr_par' dir='ltr' id='par_1_5' title="bbox 115 1328 1247 1639">
     <span class='ocr_line' id='line_1_23' title="bbox 174 1328 1245 1380; baseline 0.003 -15"><span class='ocrx_word' id='word_1_154' title='bbox 174 1329 334 1366; x_wconf 86' lang='lat' dir='ltr'>Amabo</span> <span class='ocrx_word' id='word_1_155' title='bbox 352 1337 402 1375; x_wconf 87' lang='lat' dir='ltr'>te,</span> <span class='ocrx_word' id='word_1_156' title='bbox 420 1328 452 1366; x_wconf 86' lang='lat' dir='ltr'>si</span> <span class='ocrx_word' id='word_1_157' title='bbox 471 1328 579 1380; x_wconf 86' lang='lat' dir='ltr'>quid,</span> <span class='ocrx_word' id='word_1_158' title='bbox 597 1329 700 1379; x_wconf 88' lang='lat' dir='ltr'>quod</span> <span class='ocrx_word' id='word_1_159' title='bbox 711 1342 807 1380; x_wconf 81' lang='lat' dir='ltr'>opus</span> <span class='ocrx_word' id='word_1_160' title='bbox 822 1329 953 1376; x_wconf 86' lang='lat' dir='ltr'>fuerit,</span> <span class='ocrx_word' id='word_1_161' title='bbox 969 1329 1103 1380; x_wconf 89' lang='lat' dir='ltr'>Appio</span> <span class='ocrx_word' id='word_1_162' title='bbox 1117 1330 1245 1379; x_wconf 85' lang='lat' dir='ltr'>facies,</span> 
     </span>
     <span class='ocr_line' id='line_1_24' title="bbox 121 1381 1247 1434; baseline 0.002 -14"><span class='ocrx_word' id='word_1_163' title='bbox 121 1381 255 1434; x_wconf 81' lang='lat' dir='ltr'>ponito</span> <span class='ocrx_word' id='word_1_164' title='bbox 273 1395 337 1420; x_wconf 90' lang='lat' dir='ltr'>me</span> <span class='ocrx_word' id='word_1_165' title='bbox 354 1382 396 1420; x_wconf 91' lang='lat' dir='ltr'>in</span> <span class='ocrx_word' id='word_1_166' title='bbox 415 1383 550 1433; x_wconf 67' lang='lat' dir='ltr'>gratia.</span> <span class='ocrx_word' id='word_1_167' title='bbox 580 1382 643 1421; x_wconf 89' lang='lat' dir='ltr'>De</span> <span class='ocrx_word' id='word_1_168' title='bbox 662 1383 867 1421; x_wconf 70' lang='lat' dir='ltr'>Dolabella</span> <span class='ocrx_word' id='word_1_169' title='bbox 886 1383 1080 1434; x_wconf 84' lang='lat' dir='ltr'>integrum</span> <span class='ocrx_word' id='word_1_170' title='bbox 1099 1384 1170 1422; x_wconf 88' lang='lat' dir='ltr'>tibi</span> <span class='ocrx_word' id='word_1_171' title='bbox 1188 1398 1247 1423; x_wconf 91' lang='lat' dir='ltr'>re-</span> 
     </span>
     <span class='ocr_line' id='line_1_25' title="bbox 122 1436 1246 1489; baseline 0.002 -15"><span class='ocrx_word' id='word_1_172' title='bbox 122 1449 261 1484; x_wconf 81' lang='lat' dir='ltr'>serves,</span> <span class='ocrx_word' id='word_1_173' title='bbox 282 1436 436 1474; x_wconf 81' lang='lat' dir='ltr'>suadeo.</span> <span class='ocrx_word' id='word_1_174' title='bbox 465 1437 521 1474; x_wconf 86' lang='lat' dir='ltr'>Et</span> <span class='ocrx_word' id='word_1_175' title='bbox 538 1437 630 1475; x_wconf 89' lang='lat' dir='ltr'>huic</span> <span class='ocrx_word' id='word_1_176' title='bbox 648 1438 716 1483; x_wconf 89' lang='lat' dir='ltr'>rei,</span> <span class='ocrx_word' id='word_1_177' title='bbox 738 1438 785 1475; x_wconf 92' lang='lat' dir='ltr'>de</span> <span class='ocrx_word' id='word_1_178' title='bbox 804 1438 883 1489; x_wconf 66' lang='lat' dir='ltr'>qua</span> <span class='ocrx_word' id='word_1_179' title='bbox 901 1437 1051 1488; x_wconf 86' lang='lat' dir='ltr'>loquor,</span> <span class='ocrx_word' id='word_1_180' title='bbox 1068 1445 1106 1476; x_wconf 89' lang='lat' dir='ltr'>et</span> <span class='ocrx_word' id='word_1_181' title='bbox 1120 1438 1246 1489; x_wconf 84' lang='lat' dir='ltr'>digni-</span> 
     </span>
     <span class='ocr_line' id='line_1_26' title="bbox 120 1491 1246 1544; baseline 0.003 -16"><span class='ocrx_word' id='word_1_182' title='bbox 120 1491 190 1529; x_wconf 83' lang='lat' dir='ltr'>tati</span> <span class='ocrx_word' id='word_1_183' title='bbox 209 1499 299 1536; x_wconf 87' lang='lat' dir='ltr'>tuae,</span> <span class='ocrx_word' id='word_1_184' title='bbox 330 1491 596 1542; x_wconf 85' lang='lat' dir='ltr'>aequitatisque</span> <span class='ocrx_word' id='word_1_185' title='bbox 614 1491 799 1543; x_wconf 85' lang='lat' dir='ltr'>opinioni,</span> <span class='ocrx_word' id='word_1_186' title='bbox 827 1492 900 1530; x_wconf 86' lang='lat' dir='ltr'>hoc</span> <span class='ocrx_word' id='word_1_187' title='bbox 918 1492 972 1529; x_wconf 88' lang='lat' dir='ltr'>ita</span> <span class='ocrx_word' id='word_1_188' title='bbox 990 1491 1112 1530; x_wconf 85' lang='lat' dir='ltr'>facere</span> <span class='ocrx_word' id='word_1_189' title='bbox 1130 1505 1246 1544; x_wconf 76' lang='lat' dir='ltr'>expe-</span> 
     </span>
     <span class='ocr_line' id='line_1_27' title="bbox 118 1545 1244 1597; baseline 0.003 -15"><span class='ocrx_word' id='word_1_190' title='bbox 118 1546 187 1583; x_wconf 86' lang='lat' dir='ltr'>dit.</span> <span class='ocrx_word' id='word_1_191' title='bbox 231 1545 367 1596; x_wconf 84' lang='lat' dir='ltr'>Turpe</span> <span class='ocrx_word' id='word_1_192' title='bbox 385 1545 456 1584; x_wconf 82' lang='lat' dir='ltr'>tibi</span> <span class='ocrx_word' id='word_1_193' title='bbox 481 1545 565 1594; x_wconf 87' lang='lat' dir='ltr'>erit,</span> <span class='ocrx_word' id='word_1_194' title='bbox 585 1546 790 1597; x_wconf 84' lang='lat' dir='ltr'>pantheras</span> <span class='ocrx_word' id='word_1_195' title='bbox 811 1546 964 1585; x_wconf 74' lang='lat' dir='ltr'>Graecas</span> <span class='ocrx_word' id='word_1_196' title='bbox 983 1558 1047 1584; x_wconf 88' lang='lat' dir='ltr'>me</span> <span class='ocrx_word' id='word_1_197' title='bbox 1071 1558 1149 1585; x_wconf 90' lang='lat' dir='ltr'>non</span> <span class='ocrx_word' id='word_1_198' title='bbox 1174 1547 1244 1586; x_wconf 89' lang='lat' dir='ltr'>ha-</span> 
     </span>
     <span class='ocr_line' id='line_1_28' title="bbox 115 1599 356 1639; baseline -0.008 0"><span class='ocrx_word' id='word_1_199' title='bbox 115 1601 215 1639; x_wconf 89' lang='lat' dir='ltr'>bere.</span> <span class='ocrx_word' id='word_1_200' title='bbox 243 1599 356 1639; x_wconf 89' lang='lat' dir='ltr'>Vale.</span> 
     </span>
    </p>
   </div>
   <div class='ocr_carea' id='block_1_3' title="bbox 320 1758 1042 1810">
    <p class='ocr_par' dir='ltr' id='par_1_6' title="bbox 320 1758 1042 1810">
     <span class='ocr_line' id='line_1_29' title="bbox 320 1758 1042 1810; baseline -0.01 -6"><span class='ocrx_word' id='word_1_201' title='bbox 320 1758 408 1810; x_wconf 91' lang='grc'><strong>(7.)</strong></span> <span class='ocrx_word' id='word_1_202' title='bbox 438 1760 660 1800; x_wconf 86' lang='lat' dir='ltr'>COELIUS</span> <span class='ocrx_word' id='word_1_203' title='bbox 689 1759 972 1800; x_wconf 72' lang='lat' dir='ltr'>CICERONI</span> <span class='ocrx_word' id='word_1_204' title='bbox 1000 1761 1042 1800; x_wconf 86' lang='lat' dir='ltr'>S.</span> 
     </span>
    </p>
   </div>
   <div class='ocr_carea' id='block_1_4' title="bbox 119 1865 1246 2027">
    <p class='ocr_par' dir='ltr' id='par_1_7' title="bbox 119 1865 1246 2027">
     <span class='ocr_line' id='line_1_30' title="bbox 130 1865 1246 1921; baseline -0.002 -15.92"><span class='ocrx_word' id='word_1_205' title='bbox 130 1867 498 1918; x_wconf 79' lang='lat' dir='ltr'>-(Argumentum.</span> <span class='ocrx_word' id='word_1_206' title='bbox 513 1895 568 1902; x_wconf 86' lang='lat'><strong>—</strong></span> <span class='ocrx_word' id='word_1_207' title='bbox 582 1870 688 1917; x_wconf 83' lang='lat' dir='ltr'>Quia</span> <span class='ocrx_word' id='word_1_208' title='bbox 705 1869 828 1921; x_wconf 79' lang='lat' dir='ltr'>pridie</span> <span class='ocrx_word' id='word_1_209' title='bbox 851 1869 1062 1920; x_wconf 82' lang='lat' dir='ltr'>scripserat,</span> <span class='ocrx_word' id='word_1_210' title='bbox 1081 1865 1246 1906; x_wconf 87' lang='lat' dir='ltr'>breviter</span> 
     </span>
     <span class='ocr_line' id='line_1_31' title="bbox 119 1921 1246 1975; baseline -0.002 -15"><span class='ocrx_word' id='word_1_211' title='bbox 119 1934 218 1960; x_wconf 82' lang='lat' dir='ltr'>nova</span> <span class='ocrx_word' id='word_1_212' title='bbox 236 1922 415 1974; x_wconf 87' lang='lat' dir='ltr'>quaedam</span> <span class='ocrx_word' id='word_1_213' title='bbox 434 1924 638 1962; x_wconf 81' lang='lat' dir='ltr'>annuntiat</span> <span class='ocrx_word' id='word_1_214' title='bbox 656 1924 703 1962; x_wconf 89' lang='lat' dir='ltr'>de</span> <span class='ocrx_word' id='word_1_215' title='bbox 722 1923 867 1975; x_wconf 78' lang='lat' dir='ltr'>nuptiis</span> <span class='ocrx_word' id='word_1_216' title='bbox 887 1922 1082 1962; x_wconf 84' lang='lat' dir='ltr'>Cornificii</span> <span class='ocrx_word' id='word_1_217' title='bbox 1099 1930 1137 1960; x_wconf 89' lang='lat' dir='ltr'>et</span> <span class='ocrx_word' id='word_1_218' title='bbox 1154 1921 1246 1958; x_wconf 85' lang='lat' dir='ltr'>filiae</span> 
     </span>
     <span class='ocr_line' id='line_1_32' title="bbox 120 1973 1215 2027; baseline 0 -13"><span class='ocrx_word' id='word_1_219' title='bbox 120 1975 327 2025; x_wconf 88' lang='lat' dir='ltr'>Orestillae,</span> <span class='ocrx_word' id='word_1_220' title='bbox 348 1977 396 2016; x_wconf 88' lang='lat' dir='ltr'>de</span> <span class='ocrx_word' id='word_1_221' title='bbox 410 1977 545 2016; x_wconf 85' lang='lat' dir='ltr'>Paulae</span> <span class='ocrx_word' id='word_1_222' title='bbox 563 1978 738 2027; x_wconf 81' lang='lat' dir='ltr'>divortio,</span> <span class='ocrx_word' id='word_1_223' title='bbox 755 1978 803 2016; x_wconf 89' lang='lat' dir='ltr'>de</span> <span class='ocrx_word' id='word_1_224' title='bbox 821 1977 967 2016; x_wconf 84' lang='lat' dir='ltr'>Ocellae</span> <span class='ocrx_word' id='word_1_225' title='bbox 985 1973 1215 2024; x_wconf 84' lang='lat' dir='ltr'>adulteriis.)</span> 
     </span>
    </p>
   </div>
   <div class='ocr_carea' id='block_1_5' title="bbox 619 2055 729 2063">
    <p class='ocr_par' dir='ltr' id='par_1_8' title="bbox 619 2055 729 2063">
     <span class='ocr_line' id='line_1_33' title="bbox 619 2055 729 2063; baseline 0 0"><span class='ocrx_word' id='word_1_226' title='bbox 619 2055 729 2063; x_wconf 95' lang='lat' dir='ltr'> </span> 
     </span>
    </p>
   </div>
   <div class='ocr_carea' id='block_1_6' title="bbox 118 2085 1245 2246">
    <p class='ocr_par' dir='ltr' id='par_1_9' title="bbox 118 2085 1245 2246">
     <span class='ocr_line' id='line_1_34' title="bbox 171 2085 1245 2137; baseline -0.001 -14"><span class='ocrx_word' id='word_1_227' title='bbox 171 2085 305 2133; x_wconf 85' lang='lat' dir='ltr'>Quam</span> <span class='ocrx_word' id='word_1_228' title='bbox 324 2085 398 2124; x_wconf 76' lang='lat' dir='ltr'>cito</span> <span class='ocrx_word' id='word_1_229' title='bbox 417 2092 461 2123; x_wconf 87' lang='lat' dir='ltr'>tu</span> <span class='ocrx_word' id='word_1_230' title='bbox 483 2086 595 2125; x_wconf 83' lang='lat' dir='ltr'>istinc</span> <span class='ocrx_word' id='word_1_231' title='bbox 619 2087 796 2125; x_wconf 88' lang='lat' dir='ltr'>decedere</span> <span class='ocrx_word' id='word_1_232' title='bbox 822 2086 967 2137; x_wconf 87' lang='lat' dir='ltr'>cupias,</span> <span class='ocrx_word' id='word_1_233' title='bbox 993 2085 1143 2123; x_wconf 80' lang='lat' dir='ltr'>nescio:</span> <span class='ocrx_word' id='word_1_234' title='bbox 1174 2097 1245 2136; x_wconf 90' lang='lat' dir='ltr'>ego</span> 
     </span>
     <span class='ocr_line' id='line_1_35' title="bbox 119 2139 1244 2192; baseline 0 -15"><span class='ocrx_word' id='word_1_235' title='bbox 119 2139 278 2190; x_wconf 79' lang='lat' dir='ltr'>quidem</span> <span class='ocrx_word' id='word_1_236' title='bbox 303 2153 349 2179; x_wconf 89' lang='lat' dir='ltr'>eo</span> <span class='ocrx_word' id='word_1_237' title='bbox 371 2141 509 2192; x_wconf 83' lang='lat' dir='ltr'>magis,</span> <span class='ocrx_word' id='word_1_238' title='bbox 536 2154 614 2192; x_wconf 91' lang='lat' dir='ltr'>quo</span> <span class='ocrx_word' id='word_1_239' title='bbox 639 2141 766 2179; x_wconf 87' lang='lat' dir='ltr'>adhuc</span> <span class='ocrx_word' id='word_1_240' title='bbox 793 2140 941 2179; x_wconf 85' lang='lat' dir='ltr'>felicius</span> <span class='ocrx_word' id='word_1_241' title='bbox 973 2152 1054 2178; x_wconf 89' lang='lat' dir='ltr'>rem</span> <span class='ocrx_word' id='word_1_242' title='bbox 1082 2139 1244 2189; x_wconf 86' lang='lat' dir='ltr'>gessisti.</span> 
     </span>
     <span class='ocr_line' id='line_1_36' title="bbox 118 2193 1243 2246; baseline 0 -14"><span class='ocrx_word' id='word_1_243' title='bbox 118 2193 228 2232; x_wconf 84' lang='lat' dir='ltr'>Dum</span> <span class='ocrx_word' id='word_1_244' title='bbox 247 2193 332 2233; x_wconf 84' lang='lat' dir='ltr'>istic</span> <span class='ocrx_word' id='word_1_245' title='bbox 351 2194 437 2243; x_wconf 81' lang='lat' dir='ltr'>eris,</span> <span class='ocrx_word' id='word_1_246' title='bbox 467 2195 515 2234; x_wconf 88' lang='lat' dir='ltr'>de</span> <span class='ocrx_word' id='word_1_247' title='bbox 533 2195 626 2234; x_wconf 83' lang='lat' dir='ltr'>belli</span> <span class='ocrx_word' id='word_1_248' title='bbox 645 2193 816 2234; x_wconf 84' lang='lat' dir='ltr'>Parthici</span> <span class='ocrx_word' id='word_1_249' title='bbox 845 2194 1015 2246; x_wconf 81' lang='lat' dir='ltr'>periculo</span> <span class='ocrx_word' id='word_1_250' title='bbox 1027 2193 1243 2246; x_wconf 78' lang='lat' dir='ltr'>cruciabor,</span> 
     </span>
    </p>
   </div>
  </div>
 </body>
</html>
