1501 2407
297 84 382 124 AD
410 83 709 125 DIVERSOS.
740 84 841 124 Lm.
866 84 950 124 ΙΙΙ.
986 85 1047 122 12.
1181 84 1228 122 81

110 191 184 231 11151
198 193 281 242 jam
299 193 446 233 factum
465 195 613 247 aliquid
630 202 687 234 est
710 206 781 248 per
799 194 1000 243 Flaccum,
1027 193 1094 232 fiet
1112 205 1135 231 a
1151 204 1230 242 me,

107 259 196 285 curn
215 260 283 299 per
300 248 440 287 Asiam
454 249 648 288 decedam.

161 301 279 340 Nunc
308 302 359 340 ad
387 304 548 342 alteram
571 304 771 355 epistolam
796 303 919 342 venio.
963 301 1082 350 Quod
1101 301 1149 339 ad
1167 314 1233 340 me

107 355 400 406 quasiformam
420 359 688 396 communium
718 366 938 409 temporum
968 364 1005 395 et
1024 357 1141 395 totius
1159 356 1233 394 rei-

106 409 272 460 publicae
289 412 427 450 misisti
446 425 686 464 expressam3
715 412 920 464 prudentia
936 412 1135 450 literarum
1147 420 1233 448 tua-

105 475 195 501 rum
214 465 324 503 valde
335 466 433 504 mihi
452 475 508 504 est
526 476 646 518 grata.
678 467 805 506 Video
820 466 922 505 enim
942 474 979 504 et
997 465 1167 517 pericula
1177 465 1233 503 le-

106 517 224 565 viora,
246 532 362 570 quam
384 520 584 567 timebam,
602 529 639 559 et
649 522 801 583 majora
818 520 1007 572 praesidia,
1025 520 1055 558 si
1074 519 1232 571 quidem

107 572 171 624 (ut
189 572 337 623 scribis)
358 587 491 613 omnes
510 576 607 614 vires
626 576 788 614 civitatis
807 588 846 613 se
865 575 914 613 ad
943 574 1120 626 Pompeii
1139 574 1233 612 duc-

104 634 190 664 tum
219 628 531 679 applicaverunt:
563 638 754 691 tuumque
780 630 896 668 simul
920 637 1119 680 promtum
1149 628 1232 666 ani-

103 693 216 719 mum
235 690 273 720 et
291 683 455 721 alacrem
485 684 662 736 perspexi
692 685 741 722 ad
770 684 1050 722 defendendam
1076 695 1232 734 rempu-

103 735 271 782 blicam3
302 737 581 799 mirificamque
611 738 694 800 cepi
722 739 959 789 voluptatem
987 751 1034 776 ex
1063 737 1135 775 hac
1163 737 1232 775 1113

104 789 317 841 diligentia,
339 792 457 843 quod,
474 793 513 830 in
529 794 691 831 summis
703 793 778 831 tuis
791 792 1117 844 occupationibus,
1134 792 1233 829 mihi

105 851 235 882 tamen
254 846 474 897 reipublicae
493 854 636 885 statum
655 860 722 898 per
742 856 780 885 te
802 855 939 885 notum
969 860 1046 885 esse
1064 846 1231 884 voluisti.

103 898 143 936 N
147 912 211 936 am
220 901 422 951 augurales
436 901 553 940 libros
568 901 617 939 ad
629 914 833 940 commune
845 902 1046 953 utriusque
1054 904 1230 939 nostrum

103 953 228 991 otium
258 967 376 992 serva.
406 956 496 1007 Ego
519 955 636 1002 enim,
667 969 690 994 a
709 963 746 994 te
765 968 854 994 cum
873 963 940 994 tua
959 954 1146 1007 promissa
1163 968 1232 1007 per

101 1007 230 1046 literas
244 1008 480 1060 flagitabam,
498 1010 547 1048 ad
566 1011 715 1049 Urbem
730 1018 767 1048 te
785 1010 1058 1048 otiosissimum
1078 1022 1156 1048 esse
1170 1023 1232 1048 ar-

102 1062 283 1101 bitrabar.
314 1063 356 1101 N
359 1076 435 1102 unc
453 1072 598 1113 tamen,
618 1073 663 1103 ut
687 1064 768 1116 ipse
786 1064 990 1116 polliceris,
1018 1077 1088 1116 pro
1107 1077 1232 1115 311811-

101 1116 246 1155 ralibus
259 1117 381 1164 libris,
403 1119 591 1158 orationes
610 1127 697 1157 tuas
717 1119 904 1157 confectas
922 1131 1055 1157 omnes
1076 1131 1232 1170 exspec-

101 1173 202 1210 tabo.
244 1172 416 1221 Tullius,
437 1173 499 1211 cui
518 1173 701 1211 mandata
719 1173 768 1211 ad
786 1186 849 1211 me
868 1173 1017 1220 dedisti,
1045 1185 1121 1211 non
1142 1185 1231 1212 con-

100 1233 255 1264 venerat
273 1239 360 1264 me:
382 1239 453 1265 nec
471 1238 550 1266 erat
567 1229 649 1277 jam
670 1228 875 1280 quisquam
890 1240 1044 1265 mecum
1056 1236 1228 1276 tuorum,

99 1287 238 1331 praeter
257 1293 388 1320 omnes
406 1294 526 1330 meos,
548 1282 616 1334 qui
636 1290 726 1320 sunt
743 1295 877 1320 omnes
897 1282 966 1320 tui.
1005 1282 1230 1321 Stomacho-

99 1334 215 1373 siores
233 1347 338 1374 meas
356 1336 484 1374 literas
503 1350 598 1389 quas
618 1336 720 1375 (11035
740 1350 832 1384 0550,
847 1349 924 1375 11011
942 1336 1128 1387 intelligo.
1158 1336 1230 1375 Bis

100 1388 150 1426 ad
169 1396 207 1428 te
225 1389 372 1441 scripsi,
392 1403 456 1429 me
474 1404 644 1452 purgans
664 1391 881 1442 diligenter,
907 1398 945 1429 te
964 1391 1097 1429 leviter
1116 1404 1228 1430 accu-

97 1455 185 1482 sans
203 1443 244 1481 in
263 1457 322 1492 eo,
342 1445 447 1496 quod
466 1445 513 1483 de
531 1458 594 1484 me
613 1446 686 1484 cito
706 1445 949 1491 credidisses3
981 1445 1087 1496 quod
1103 1458 1228 1506 genus

97 1499 264 1548 querelae
282 1499 380 1537 1111111
409 1499 568 1551 quidem
593 1500 793 1538 vldebatur
812 1513 891 1539 esse
922 1499 1059 1538 amici:
1082 1500 1141 1538 sin
1157 1500 1229 1538 tibi

96 1552 284 1604 displicet,
305 1566 384 1591 non
401 1562 489 1592 utar
508 1567 551 1592 eo
569 1555 738 1616 posthac:
769 1555 845 1594 Sed
865 1555 897 1593 si
917 1559 977 1597 (ut
997 1554 1143 1601 scribis)
1165 1554 1227 1593 hae

96 1606 216 1645 literae
234 1620 311 1646 non
329 1608 487 1646 fuerunt
505 1609 668 1655 disertae,
685 1609 778 1647 scito
792 1622 898 1648 meas
917 1622 994 1647 non
1011 1608 1140 1647 fuisse.
1170 1609 1228 1648 Ut

97 1661 202 1699 enirn
221 1662 471 1702 Aristarchus
498 1664 663 1701 Homeri
682 1677 834 1701 versum
853 1671 981 1715 negat,
1009 1676 1125 1715 quem
1149 1676 1227 1702 non

38 1748 42 1752 ,
97 1717 258 1766 probat:
289 1717 342 1755 sic
361 1724 403 1755 tu
425 1718 538 1770 (libet
557 1717 660 1756 enim
678 1718 777 1756 mihi
797 1719 948 1767 jocari),
981 1718 1085 1770 quod
1110 1717 1228 1757 diser-

101 1778 187 1808 tum
218 1783 297 1809 non
318 1771 402 1819 erit,
433 1785 483 1810 ne
502 1772 649 1824 putaris
667 1785 813 1810 meum.
849 1773 948 1811 Vale
965 1786 976 1818 3
1008 1780 1059 1820 et,
1080 1772 1119 1810 in
1140 1786 1229 1811 cen-

97 1825 199 1873 sura,
221 1825 253 1863 si
267 1827 350 1875 jam
370 1839 408 1865 es
428 1839 573 1877 censor,
603 1836 647 1865 ut
677 1840 801 1879 spero,
830 1827 877 1866 de
895 1839 1037 1879 proavo
1055 1827 1227 1866 multum

98 1879 262 1930 cogitato
280 1887 359 1918 tuo.

161 2041 274 2095 (12.)
305 2043 367 2081 M.
381 2044 431 2082 T.
447 2044 492 2083 C.
522 2044 703 2084 APPIO
733 2043 1012 2084 PULCHRO
1043 2045 1082 2084 S.
1100 2043 1155 2083 D.

97 2180 100 2181 ν
150 2151 480 2202 (Argumcntum.
498 2177 551 2182 -
572 2155 802 2194 Gratulatur
821 2154 868 2193 de
887 2154 1126 2194 absolutione
1145 2166 1226 2192 am-

93 2203 221 2244 bitos:
252 2207 408 2258 nuptias
427 2209 574 2247 Tulliae
593 2216 751 2248 excusat
770 2221 809 2247 se
824 2209 1008 2248 insciente
1022 2209 1225 2253 confectas,
