1481 2422
343 119 427 158 AD
455 119 756 160 DIVERSOS.
788 120 889 158 Lm.
915 119 992 158 XI.
1025 120 1062 158 8.
1194 118 1275 155 335

144 241 260 268 causa
284 229 368 280 jam
398 229 459 268 bis
488 235 559 278 est,
589 237 634 269 ut
662 242 742 269 non
773 230 822 268 sit
849 230 1072 281 integrumg
1103 228 1277 280 primum

145 283 284 323 Idibus
306 283 491 329 Martiis;
521 283 661 324 deinde
685 285 876 337 proxime,
911 284 1079 323 exercitu
1113 295 1213 321 novo
1242 287 1280 320 et

143 338 263 390 copiis
281 338 523 390 comparatis·
554 338 823 386 Quamobrem
842 339 891 378 ad
909 339 1040 377 omnia
1054 338 1108 376 ita
1125 344 1283 390 paratus

146 391 305 447 [atque]
327 393 520 432 animatus
540 393 655 433 debes
675 407 768 443 esse,
782 407 859 432 non
880 400 923 432 ut
942 394 1040 432 nihil
1059 393 1188 440 facias,
1206 390 1282 430 nisi

141 448 303 498 jussus3
334 447 400 486 sed
432 456 478 486 ut
503 461 548 486 ca
579 463 702 501 geras,
730 463 818 501 quae
844 451 893 488 ab
917 449 1100 487 omnibus
1125 446 1281 487 summa

146 515 238 542 cum
256 502 509 542 admiratione
525 503 746 543 laudentur.
775 505 888 543 Vale.

173 670 260 719 (8.)
301 669 365 710 M.
399 668 947 765 CICEROD}B¹}UT⁰’
982 669 1106 709 IMP.
1139 666 1257 709 cos,

700 728 740 766 s,
775 728 815 765 c.

211 834 692 888 (Argumentum.—-De
728 836 864 888 legatis
900 835 950 875 ad
979 835 1203 875 Antonium
1240 833 1290 873 de

149 902 244 942 pace
272 890 413 940 missis,
435 904 601 944 quaeque
624 892 673 930 sit
701 891 880 930 omnium
909 891 957 929 de
979 891 1105 929 Bruto
1132 902 1288 942 exspec-

151 944 247 985 tatio
265 945 316 984 ad
333 946 551 985 libertatem
571 946 887 999 recuperandam,
908 945 1139 998 perscribit.)

206 1053 269 1094 Eo
282 1062 455 1109 tempore
474 1055 588 1095 Polla
608 1063 675 1095 tua
692 1056 813 1106 misit,
842 1063 888 1094 ut
906 1055 956 1094 ad
975 1063 1026 1104 te,
1048 1055 1081 1093 si
1100 1053 1196 1106 quid
1210 1054 1291 1092 vel-

152 1109 247 1159 lem,
279 1110 412 1150 darem
440 1111 654 1159 literarum,
689 1125 794 1159 cum,
827 1110 934 1164 quod
965 1110 1184 1156 scriberem,
1211 1121 1290 1147 non

151 1165 360 1204 habebam.
389 1166 539 1206 Omnia
572 1167 677 1205 enim
700 1176 808 1205 erant
834 1178 1016 1218 suspensa
1040 1172 1198 1217 propter
1223 1177 1293 1202 ex-

153 1221 428 1272 spectationem
457 1221 704 1273 legatorum3
744 1221 814 1274 qui
842 1221 939 1273 quid
966 1220 1145 1272 egissent,
1175 1218 1294 1256 nihi]-

152 1275 252 1314 dum
271 1275 536 1315 nuntiabatur.
568 1276 667 1315 Haec
685 1284 815 1315 tamen
835 1275 1034 1315 scribenda
1048 1273 1291 1314 existimavi:

153 1329 343 1382 primum,
364 1331 405 1371 S.
427 1332 474 1370 P.
495 1329 548 1379 Q.
570 1332 622 1370 R.
647 1331 695 1370 de
714 1338 751 1370 te
770 1331 958 1379 laborare,
979 1342 1057 1368 non
1077 1329 1204 1368 solum
1234 1341 1294 1366 sa-

153 1385 247 1424 lutis
266 1399 347 1425 suae
369 1385 499 1435 causa,
521 1385 587 1424 sed
613 1386 731 1425 etiam
756 1385 954 1437 dignitatis
986 1392 1075 1423 tuae.
1105 1383 1297 1422 Admira-

154 1439 244 1480 bilis
262 1440 367 1479 enim
387 1448 443 1480 est
461 1440 643 1493 quaedam
669 1441 727 1479 tui
753 1440 920 1479 nominis
939 1439 1089 1486 caritas,
1109 1451 1297 1490 amorque

154 1494 198 1534 in
225 1502 264 1534 te
291 1495 497 1548 singularis
524 1496 702 1536 omnium
725 1495 882 1535 civium.
922 1494 986 1534 Ita
1011 1494 1116 1533 enim
1142 1500 1297 1546 sperant

156 1557 275 1603 atque
293 1549 506 1600 confidunt,
534 1558 579 1590 ut
597 1559 710 1590 antea
734 1564 838 1603 rege,
859 1550 911 1590 sic
928 1549 1003 1589 hoc
1020 1557 1195 1601 tempore
1212 1561 1299 1600 reg-

157 1617 225 1654 no,
245 1612 284 1644 te
301 1607 585 1658 rempublicam
603 1606 874 1645 liberaturum.

216 1660 357 1700 Romae
384 1661 554 1700 delectus
584 1661 764 1709 habetur,
797 1661 957 1713 totaque
985 1658 1133 1706 Ita1i223
1172 1658 1205 1697 si
1232 1657 1297 1697 hic

159 1714 332 1755 delectus
349 1716 604 1769 appellandus
627 1723 697 1766 est,
719 1728 810 1755 cum
837 1716 940 1754 ultro
964 1728 1003 1754 se
1021 1714 1188 1754 offerunt
1214 1726 1300 1752 om-

161 1782 255 1809 nes:
288 1777 420 1810 tantus
438 1771 550 1810 ardor
568 1771 770 1823 occupavit
790 1770 940 1809 animos
958 1769 1179 1819 hominum,
1200 1767 1299 1807 desi-

164 1824 271 1864 derio
289 1825 493 1875 libertatis,
510 1825 677 1878 odioque
696 1824 858 1864 diutinae
876 1824 1084 1864 servitutis.

219 1879 284 1919 De
301 1880 461 1933 reliquis
479 1882 594 1920 rebus
612 1894 636 1920 a
653 1887 692 1920 te
715 1881 800 1931 jam
829 1888 1048 1933 exspectare
1075 1878 1205 1918 literas
1233 1877 1301 1916 de-

162 1936 317 1983 bemus,
331 1935 427 1987 quid
439 1935 521 1988 ipse
538 1949 644 1987 agas,
658 1935 755 1988 quid
768 1942 896 1974 noster
912 1934 1081 1982 Hirtius,
1098 1933 1194 1986 quid
1212 1933 1301 1971 Cae-

166 2002 228 2028 sar
238 2003 350 2029 meus
365 2004 378 2037 ;
393 2003 491 2043 quos
505 2003 616 2043 spero
628 1990 736 2030 brevi
747 1997 920 2042 tempore
938 1989 1116 2029 societate
1134 1986 1303 2027 victoriae

166 2050 298 2084 tecum
328 2045 526 2098 copulatos
557 2045 651 2085 fore.
690 2044 907 2098 Reliquum
926 2052 996 2093 est,
1023 2051 1068 2082 ut
1097 2042 1146 2081 de
1170 2055 1235 2080 me
1259 2040 1302 2079 id

168 2099 348 2150 scribam,
368 2100 475 2152 quod
502 2107 541 2139 te
568 2113 617 2140 ex
642 2108 801 2139 tuorum
818 2099 940 2139 literis
958 2106 996 2138 et
1014 2111 1126 2150 spero
1144 2104 1183 2136 et
1199 2095 1305 2135 malo

165 2166 423 2206 cognosoere;
452 2168 517 2194 me
535 2168 664 2208 neque
688 2155 817 2194 deesse
839 2153 922 2193 ulla
942 2154 984 2193 in
1007 2167 1064 2201 re,
1084 2164 1210 2205 neque
1229 2163 1304 2191 un-

170 2221 292 2261 quam
309 2209 551 2259 defuturum,
572 2210 752 2262 dignitati
770 2217 860 2249 tuae.
889 2209 969 2248 Fac
988 2209 1126 2249 valeas.
