1481 2422
209 129 290 167 336
400 127 484 168 AD
513 127 811 170 DIVERSOS.
842 129 944 168 11113.
969 127 1049 168 XI.
1084 129 1145 168 10.

263 237 351 289 (9.)
390 237 444 277 D.
473 238 705 279 BRUTUS
734 238 797 278 M.
836 236 1127 279 CICERONI
1165 239 1206 280 S.
1229 237 1284 277 D.

260 347 655 399 (Argumentum.—-
669 348 896 400 Prospiciat,
924 355 1046 400 rogat,
1076 360 1139 397 ne,
1171 347 1338 388 consuli-

204 403 278 441 bus
306 403 468 448 amissis,
493 403 620 442 hostes
646 403 866 455 reipublicae
890 403 1150 442 invalescant:
1181 410 1219 442 et
1242 402 1338 456 quid

205 457 401 508 agendum
416 458 606 507 videatur,
627 457 792 509 monet.)

259 565 387 605 Pansa
406 566 560 613 amisso,
581 575 774 619 quantum
800 566 1020 606 detrimenti
1041 566 1255 619 respublica
1274 579 1337 606 ac-

204 621 359 674 ceperit,
380 634 456 660 non
476 630 514 660 te
533 622 712 674 praeterit.
744 622 864 661 Nunc
882 621 1106 661 auctoritate
1118 629 1155 660 et
1169 621 1338 673 pruden-

203 675 256 714 tia
268 676 336 714 tua
348 677 570 729 prospicias,
585 684 747 728 oportet,
756 689 804 715 ne
816 676 962 715 inimici
973 676 1107 724 nostri,
1117 677 1338 715 consulibus

202 730 380 779 sublatis,
402 739 554 783 sperent
573 744 613 769 se
629 732 887 770 convalescere
905 743 1026 783 posse.
1056 731 1159 782 Ego,
1180 742 1229 769 ne
1247 743 1338 770 oon-

201 785 332 824 sistere
351 786 469 837 possit
488 786 529 824 in
561 785 677 824 ltalia
695 786 909 834 Antonius,
936 785 1036 824 dabo
1058 797 1227 838 operam.
1267 785 1337 825 Se-

201 853 300 892 quar
330 853 420 879 eum
455 840 669 880 confestim.
713 841 938 893 Utrumque
967 853 1031 879 me
1061 847 1336 892 praestaturum

201 908 325 946 spero,
354 908 404 934 ne
431 902 500 935 aut
520 895 727 935 Ventidius
755 896 942 945 elabatur,
973 902 1041 933 aut
1067 894 1267 934 Antonius
1293 895 1335 933 in

201 949 319 988 Italia
338 958 520 989 moretur.

255 1004 305 1042 In
334 1005 470 1056 primis
497 1017 590 1056 rogo
623 1012 674 1052 te,
704 1004 754 1043 ad
780 1005 980 1044 hominem
1009 1003 1333 1054 ventosissimum‚

200 1058 413 1111 Lepidum,
433 1060 579 1108 mittas,
601 1073 650 1098 ne
672 1060 821 1099 bellum
841 1060 952 1099 nobis
970 1059 1228 1110 redintegrare
1246 1072 1335 1112 pos-

198 1114 261 1161 sit,
282 1114 459 1154 Antonio
485 1114 558 1153 sibi
577 1116 794 1165 conjuncto.
835 1115 957 1162 Nam,
978 1114 1026 1153 de
1046 1114 1222 1153 Pollione
1239 1114 1335 1153 Asi-

197 1168 262 1208 dio
272 1177 368 1221 puto
381 1177 418 1208 te
430 1169 654 1222 perspicere,
669 1169 763 1221 quid
777 1169 948 1208 facturus
960 1169 1020 1208 sit.
1041 1168 1199 1215 Multae,
1216 1175 1254 1208 et
1266 1170 1335 1208 bo-

197 1237 273 1271 nae,
294 1231 331 1262 et
351 1223 472 1263 firmae
491 1232 582 1262 sunt
606 1224 775 1276 legiones
800 1224 941 1276 Lepidi
961 1231 998 1263 et
1016 1223 1159 1262 Asinii.
1190 1223 1333 1276 Neque

195 1279 279 1318 haec
297 1278 437 1317 idcirco
456 1279 527 1317 tibi
547 1278 683 1327 scribo,
705 1279 811 1331 quod
829 1289 867 1317 te
886 1291 963 1317 non
983 1278 1117 1317 eadem
1137 1277 1333 1317 advertere

197 1333 330 1380 sciam,
351 1333 418 1372 sed
437 1333 542 1385 quod
560 1332 659 1371 mihi
683 1333 1016 1385 persuasissimum
1040 1340 1110 1379 est,
1132 1332 1330 1384 Lepidum

195 1395 296 1427 recte
321 1387 516 1427 facturum
538 1400 757 1440 nunquam,
778 1389 810 1427 si
834 1387 933 1427 forte
957 1387 1066 1427 vobis
1091 1386 1139 1425 de
1161 1386 1234 1425 hoc
1258 1387 1332 1426 du-

196 1443 308 1482 bium
328 1450 396 1481 est.

250 1497 443 1535 Plancum
473 1509 628 1549 quoque
656 1497 900 1546 confirmetis,
924 1510 1018 1543 oro;
1059 1509 1176 1548 quem
1205 1509 1328 1548 spero,

194 1551 307 1604 pulso
334 1551 524 1599 Antonio,
563 1552 784 1604 reipublicae
820 1565 898 1591 non
930 1552 1170 1591 defuturum.
1214 1551 1256 1591 Si
1288 1565 1331 1591 se

193 1607 319 1658 Alpes
349 1606 549 1644 Antonius
581 1607 783 1656 trajecerit,
817 1606 997 1646 constitui
1026 1605 1249 1658 praesidium
1287 1607 1328 1645 in

194 1660 368 1713 Alpibus
387 1661 583 1708 collocare,
612 1669 650 1700 et
669 1669 705 1699 te
724 1661 772 1700 de
791 1661 899 1700 omni
918 1674 958 1700 re
976 1661 1099 1700 facere
1117 1660 1329 1701 certiorem.

195 1716 267 1755 ΙΙΙ
289 1713 375 1756 Cal.
395 1715 512 1764 Maii,
526 1728 575 1754 ex
595 1715 738 1763 castris,
760 1715 888 1768 Regii.

251 1879 368 1932 (ιο.)
411 1880 466 1919 1).
496 1881 727 1922 BRUTUS
753 1880 816 1920 M.
843 1878 1130 1920 CICERONI
1159 1879 1199 1919 s.
1215 1878 1271 1918 D.

248 1987 845 2039 (Argumentum.-Querimr
872 1989 921 2029 de
952 1988 1217 2042 quorumdam
1244 1999 1330 2026 ma-

194 2043 425 2091 levolentiiz3
457 2052 494 2084 et
512 2045 734 2098 reipublicae
751 2045 967 2097 periculum
987 2043 1175 2097 exponit.)

251 2153 344 2192 Non
355 2153 453 2192 mihi
469 2153 748 2206 rempublicam
762 2155 851 2206 plus
864 2153 1002 2193 debere
1014 2151 1190 2199 arbitror,
1206 2164 1324 2204 quam

194 2219 258 2246 me
271 2207 353 2247 tibi
377 2208 594 2249 Gratiorem
612 2222 676 2249 me
695 2222 775 2250 esse
792 2209 833 2249 in
848 2216 886 2249 te
896 2221 1019 2261 posse,
1033 2219 1151 2260 quam
1164 2206 1227 2247 isti
1241 2219 1328 2259 per-
