1501 2407
269 67 349 105 210
445 63 528 103 AD
561 63 863 105 DIVERSOS·
897 63 1123 103 L113.V11.
1157 64 1225 102 30.

267 180 453 228 potestate
485 173 616 212 omnia
645 181 735 212 sunt
759 172 853 235 (nisi
870 172 966 211 forte
989 171 1031 211 id
1058 171 1189 225 ipsum
1217 184 1296 210 esse
1322 183 1399 210 non

270 229 445 274 debuit):
462 228 528 266 sed
546 227 622 266 alia
641 241 745 275 casu,
766 227 843 265 alia
861 227 977 265 etiam
992 226 1122 265 nostra
1132 225 1261 277 culpa,
1275 225 1328 264 510
1339 238 1402 264 ac-

271 283 460 330 ciderunt,
489 289 534 320 ut
556 281 604 320 de
633 281 834 333 praeteritis
859 293 937 319 non
963 280 1012 319 sit
1036 280 1290 332 querendum.
1320 280 1402 318 Re-

268 337 419 390 liquam
445 349 553 388 spem
584 336 735 374 nuJJam
761 335 882 373 video.
926 335 1059 383 Quare
1084 334 1135 373 ad
1158 334 1287 386 prima
1313 333 1401 372 red-

268 405 325 431 eo.
369 390 567 442 Sapienter
598 390 680 429 haec
704 389 906 442 reliquisti,
945 389 978 428 si
1010 388 1192 436 00115111ος
1222 387 1396 438 feliciter,

272 445 304 485 si
324 458 426 485 casu.
456 444 570 484 Vale.

353 611 465 658 (29.)
496 607 706 648 CURIUS
735 607 796 647 M.
823 605 1106 647 CICERONI
1134 606 1244 647 SUO
1273 607 1314 647 S.

325 715 381 760 (A
388 721 715 767 rgumentum.—-
727 716 868 756 Curius
886 716 1020 756 laudat
1038 715 1231 755 Ciceronis
1245 729 1336 767 erga
1354 728 1394 755 se

269 771 478 817 beneficia3
510 784 677 822 eumque
695 779 817 822 rogat,
838 779 882 810 ut
907 773 988 811 Ser.
1014 769 1176 822 Sulpicii
1194 784 1233 810 se
1247 783 1395 810 succes-

271 825 348 864 sori
368 824 644 875 commendet.)

323 933 366 973 Si
397 934 514 981 vales,
544 935 641 972 bene
671 941 750 972 est.
782 947 872 972 sum
902 934 1007 973 enim
1038 950 1171 988 χρησει
1194 949 1259 982 μεν
1287 940 1394 980 111115,

270 1003 338 1030 κτη
348 1003 399 1025 σει
421 988 454 1024 δε
475 988 599 1026 Attici
617 988 748 1026 nostri.
787 988 895 1040 Ergo
912 989 1060 1028 fructus
1085 995 1141 1027 est
1159 995 1263 1036 tuus,
1283 1000 1398 1026 man-

267 1041 413 1093 cipium
432 1042 562 1088 illius;
595 1042 697 1094 quod
724 1042 882 1104 quidem
908 1043 940 1081 si
965 1044 1064 1082 inter
1091 1041 1238 1094 [senes]
1267 1047 1395 1081 coe’m-

266 1096 426 1134 tionales
457 1095 631 1148 [venale]
663 1097 938 1148 proscripserit,
963 1097 1081 1149 egerit
1105 1109 1184 1135 non
1207 1097 1392 1135 multum.

265 1150 325 1188 At
343 1151 410 1188 illa
424 1159 553 1189 nostra
571 1151 789 1202 praedicatio
802 1152 938 1203 quanti
952 1160 1020 1199 est,
1034 1164 1116 1198 nos,
1133 1151 1239 1202 quod
1257 1151 1391 1199 simus,

265 1204 370 1256 quod
388 1205 613 1252 habeamus,
635 1205 740 1257 quod
765 1205 940 1245 homines
960 1206 1238 1254 existimemur,
1251 1205 1293 1243 id
1310 1218 1395 1243 0111-

263 1270 313 1297 ne
331 1260 399 1297 abs
418 1267 455 1297 te
473 1260 644 1299 habere?
675 1259 822 1307 Quare,
844 1260 978 1299 Cicero
997 1260 1067 1309 mi,
1086 1272 1286 1312 persevera
1304 1272 1394 1298 con-

264 1321 409 1352 stanter
428 1326 496 1352 nos
522 1326 756 1361 conservare,
781 1322 819 1352 et
843 1314 1005 1366 Sulpicii
1029 1313 1231 1353 successori
1257 1326 1326 1352 nos
1346 1313 1394 1353 de

263 1367 421 1406 meliore
439 1369 531 1407 nota
557 1368 796 1416 commenda,
819 1381 896 1420 quo
921 1369 1069 1407 facilius
1095 1368 1171 1407 tuis
1195 1368 1394 1420 praeceptis

265 1423 529 1473 obtemperare
566 1422 770 1474 possimus,
810 1430 924 1474 teque
961 1423 1011 1461 ad
1037 1435 1102 1461 ver
1133 1422 1309 1461 lubentes
1339 1422 1397 1460 vi-

264 1475 366 1524 dere,
389 1484 426 1514 et
445 1484 571 1515 nostra
590 1477 746 1527 refigere
772 1476 1047 1529 deportareque
1070 1483 1169 1523 tuto,
1190 1476 1394 1528 possimus.

264 1530 354 1578 Sed,
376 1530 497 1569 amice
515 1543 670 1581 magne,
659 1510 767 1569 onoli
784 1531 883 1569 hanc
902 1531 1102 1582 epistolam
1117 1531 1251 1569 Attico
1269 1541 1397 1569 osten-

263 1584 376 1623 dere:
409 1584 488 1623 sine
517 1598 607 1623 eum
628 1597 765 1632 errare,
787 1593 824 1622 et
842 1592 993 1637 putare,
1019 1598 1084 1624 me
1101 1584 1228 1623 virum
1245 1587 1394 1625 bonum

263 1651 358 1686 esse,
378 1651 447 1677 nec
471 1639 589 1677 solere
613 1639 690 1677 duo
715 1639 876 1690 parietes
904 1640 952 1678 de
977 1640 1112 1678 eadem
1136 1639 1265 1678 fidelia
1290 1639 1395 1679 deal-

263 1694 365 1732 bare.
413 1693 534 1743 Ergo,
573 1702 732 1744 patrone
761 1693 830 1741 mi,
863 1696 961 1733 bene
994 1694 1092 1743 vale,
1129 1693 1394 1746 Tironemque

263 1760 399 1785 meum
429 1748 554 1786 saluta
572 1747 710 1786 nostris
729 1747 866 1787 verbis.
910 1748 1004 1788 Dat.
1025 1762 1060 1787 a.
1091 1747 1130 1787 d.
1148 1748 1214 1788 IV
1233 1748 1393 1790 Calend.

267 1803 463 1842 Novemb-

461 1958 574 2013 (30.)
617 1960 831 2002 CICERO
859 1962 1041 2004 CURIO
1083 1963 1124 2003 S.
1144 1963 1198 2003 D.

318 2065 645 2118 (Argumentum.
665 2096 720 2104 —
739 2071 922 2111 Ostendit
944 2086 1062 2125 quam
1091 2073 1229 2112 misere
1253 2079 1390 2124 agatur

260 2132 351 2179 cum
369 2123 578 2175 republica,
598 2137 688 2165 cum
708 2126 837 2167 Caesar
856 2127 1067 2168 Caninium
1086 2127 1136 2167 ad
1153 2127 1302 2180 aliquot
1319 2127 1388 2166 ho-
