1501 2407
355 69 439 109 AD
467 69 765 110 DIVERSOS.
796 69 897 108 Lm.
919 68 953 107 Ι.
983 70 1020 113 7.
1202 68 1248 105 13

131 179 242 226 Haec,
255 178 423 231 profecto
436 179 554 240 videS,
569 185 713 230 quanto
725 177 958 230 expressiora
969 188 1071 229 quan
1060 183 1190 228 toque
1201 177 1248 214 il-

128 233 304 272 lustriora
320 233 451 271 futura
469 233 558 281 sint,
588 245 676 270 cum
697 232 954 283 aliquantum,
979 244 1027 269 ex
1051 231 1246 282 provincia

127 295 244 339 atque
268 300 316 325 ex
340 286 514 338 imperio,
540 287 665 325 laudis
687 286 892 325 accesserit.
932 285 1186 346 Quamquam
1210 292 1247 323 te

126 341 181 379 ita
204 354 332 392 gerere
350 342 451 388 volo,
471 354 558 392 quae
579 353 647 392 per
670 341 879 379 exercitum
903 348 1019 391 atque
1038 339 1245 390 imperium

125 395 291 446 gerenda
309 402 413 443 sunt,
439 403 485 433 ut
508 395 589 434 haec
613 395 739 433 multo
767 404 856 432 ante
876 394 1083 439 meffltere3
1114 393 1189 431 huc
1208 401 1246 431 te

127 462 250 500 pares,
271 449 352 487 haec
371 449 524 500 cogites,
538 450 588 488 ad
601 449 683 488 haec
694 456 731 487 te
743 461 929 493 exerceas,
943 448 1159 499 sentiasque
1171 447 1242 493 (id,

125 503 244 554 quod,
263 503 356 555 quia
378 517 527 555 semper
549 504 723 555 sperasti,
744 515 820 540 non
840 503 974 541 dubito
1000 502 1108 553 quin,
1130 502 1246 553 adep-

125 564 202 605 tus,
227 557 436 609 intelligas)
458 566 495 596 te
509 558 690 596 facillime
716 570 825 618 posse
849 557 1019 595 obtinere
1044 569 1244 594 summum

123 619 241 663 atque
272 611 502 649 altissimum
535 612 699 663 gradum
729 611 901 649 civitatis.
949 610 1051 658 Quae
1086 610 1243 662 quidem

121 677 210 704 moe.
228 666 436 704 cohortatio
448 678 496 704 ne
510 666 602 704 tibi
592 666 729 713 manis,
751 674 818 703 aut
833 664 912 703 sine
927 678 1041 703 causa
1056 672 1244 726 suscepta,

123 720 310 768 videatur,
329 720 397 758 illa
414 733 478 759 me
497 721 593 759 ratio
611 720 746 768 movit,
761 727 807 758 ut
820 727 871 767 te,
887 732 934 758 ex
949 719 1087 757 nostris
1106 719 1248 757 eventis

123 773 408 821 communibus,
440 775 728 813 admonendum
755 785 946 825 putarem,
970 781 1015 811 ut
1037 773 1248 812 considera-

123 841 197 876 res,
225 828 267 865 in
293 828 399 866 omni
417 828 566 881 reliqua
584 828 677 877 vita,
703 828 844 880 quibus
863 827 1044 876 crederes,
1071 840 1168 879 quos
1186 840 1248 868 ca-

123 895 240 921 vetes.

178 935 297 984 Quod
315 929 445 975 scrib'is
464 943 501 975 te
519 937 617 975 velle
640 936 747 984 scire,
775 936 843 987 qui
866 935 914 974 sit
933 935 1152 987 reipublicae
1171 943 1246 974 sta-

122 999 185 1029 tus
201 1005 213 1037 ;
235 1003 387 1029 5111111113
406 991 586 1029 dissensio
598 998 667 1039 est,
684 990 749 1029 sed
761 990 950 1029 contentio
970 990 1108 1041 dispar.
1140 991 1245 1028 Nam

122 1045 192 1096 qui
218 1045 307 1096 plus
337 1044 487 1096 opibus,
517 1045 647 1092 armis,
677 1045 847 1096 potenti-21
875 1044 1016 1091 valent,
1042 1044 1246 1095 profecisse

120 1106 275 1137 tantum
293 1098 391 1136 mihi
409 1099 586 1137 videntur
605 1099 767 1137 stultitia
785 1107 822 1137 et
840 1099 1094 1137 inconstantia
1113 1098 1246 1136 adver-

121 1153 321 1201 sariorum,
334 1160 379 1191 ut
398 1153 513 1190 etiam
525 1153 748 1192 auctoritate
760 1154 840 1202 jam
854 1154 942 1214 plus
955 1167 977 1191 v
980 1153 1134 1190 alerent.
1166 1153 1247 1190 Ita-

119 1220 210 1259 que,
244 1207 442 1259 perpaucis
471 1207 773 1254 adversantibus,
807 1207 951 1255 omnia,
983 1220 1071 1258 quae
1100 1219 1148 1244 ne
1177 1220 1247 1258 per

119 1262 310 1313 populum
329 1261 487 1312 quidem
511 1261 591 1300 sine
617 1262 798 1300 seditione
816 1274 855 1300 se
882 1273 991 1313 posse
1011 1260 1161 1312 assequi
1186 1274 1247 1298 ar-

121 1316 373 1364 bitrabantur,
390 1329 458 1367 per
473 1324 648 1354 senatum
661 1316 851 1354 consecuti
863 1324 965 1353 sunt.
996 1315 1103 1353 Nam
1123 1322 1160 1353 et
1179 1315 1246 1353 sti-

120 1370 305 1422 pendium
326 1369 469 1408 Caesari
488 1370 682 1409 decretum
702 1378 771 1416 est,
800 1379 836 1409 et
861 1369 992 1408 decem
1020 1369 1160 1420 legati:
1192 1376 1243 1417 et,

120 1436 169 1462 ne
187 1424 271 1475 lege
290 1424 517 1476 Sempronia
535 1424 810 1473 succederetur,
824 1424 934 1463 facile
948 1424 1159 1476 perfectum
1175 1432 1244 1462 est.

118 1478 240 1525 Quod
257 1479 307 1516 ad
325 1486 362 1517 te
380 1479 532 1517 brevius
553 1479 687 1527 scribo,
709 1479 801 1530 quia
819 1491 882 1516 me
898 1486 1017 1517 status
1033 1478 1096 1516 hic
1114 1478 1243 1529 reipu-

119 1532 229 1570 blicae
248 1546 325 1571 non
344 1533 526 1579 delectam
557 1534 678 1572 scribo
697 1542 840 1580 tamen,
867 1540 912 1570 ut
936 1540 974 1571 te
999 1532 1243 1579 admoneam,

118 1586 225 1638 quod
243 1587 337 1638 ipse,
353 1587 473 1625 literis
491 1588 670 1626 omnibus
689 1602 711 1626 a
729 1586 892 1639 pueritia
910 1586 1076 1635 deditus,
1093 1586 1244 1637 experi-

117 1641 217 1679 endo
235 1650 363 1680 tamen
375 1641 500 1692 magis
516 1656 635 1693 quam
650 1642 841 1691 discendo,
863 1641 1036 1692 cognovi,
1058 1649 1115 1689 tu,
1130 1643 1243 1678 rebus

119 1695 196 1733 tuis
208 1696 378 1748 integris,
392 1696 526 1744 discas,
536 1709 661 1749 neque
673 1697 806 1734 salutis
820 1704 959 1734 nostrae
972 1695 1157 1733 rationem
1173 1694 1243 1732 ha-

119 1749 286 1788 bendam
311 1749 421 1788 nobis
447 1763 524 1789 esse
555 1751 634 1790 sine
663 1750 862 1802 dignitate,
893 1762 1019 1802 neque
1048 1749 1244 1801 dignitatis

119 1804 201 1842 sine
219 1805 353 1843 salute.

175 1858 293 1906 Quod
323 1859 421 1897 mihi
451 1860 498 1898 de
517 1859 598 1898 filia
631 1867 668 1898 et
693 1859 741 1898 de
769 1858 992 1911 Crassipede
1023 1858 1240 1909 gratularis,

119 1924 283 1962 agnosco
301 1913 582 1952 humanitatem
595 1922 726 1952 tuam:
749 1927 934 1966 speroque
954 1921 990 1952 et
1008 1920 1112 1964 opto,
1133 1912 1243 1950 nobis

121 1965 222 2004 hanc
249 1968 555 2017 conjunctionem
575 1969 762 2030 voluptati
784 1969 875 2007 fore.
915 1968 1132 2006 Lentulum
1155 1979 1244 2004 nos-

121 2027 227 2058 trum
246 2021 389 2059 eximia
407 2036 486 2074 spe,
500 2036 662 2061 summae
681 2023 830 2061 virtutis
849 2023 1140 2083 adolescentem,
1155 2033 1242 2058 cum

120 2074 266 2112 caeteris
284 2075 443 2125 artibus,
459 2077 600 2129 quibus
619 2077 798 2116 studuisti
817 2090 967 2128 semper
984 2076 1079 2128 ipse,
1104 2083 1188 2112 tum
1204 2074 1244 2111 in

121 2128 257 2179 primis
270 2128 483 2169 imitatione
494 2132 567 2180 tui,
580 2131 640 2171 fac
653 2131 831 2170 erudias:
853 2131 963 2170 nulla
977 2129 1081 2168 enim
1094 2129 1164 2167 erit
1174 2129 1246 2166 hac

122 2182 360 2234 111-3513111101·
387 2160 611 2238 ὤ5σίρ11113·
642 2199 759 2239 quem
785 2199 869 2237 nos,
899 2193 936 2225 et
959 2184 1052 2236 quia
1077 2191 1182 2231 tuus,
1212 2189 1249 2220 et

177 2238 346 2289 (Epist.)
367 2250 527 2279 VOL.1.
950 2250 974 2277 c
