1501 2407
209 102 261 139 50
409 99 494 138 AD
523 98 821 139 DIVERSOS.
852 99 952 138 Lm.
975 98 1031 137 11.
1056 100 1117 138 16.

210 207 325 247 Italia
339 208 387 247 ad
405 208 552 246 bellum
572 207 681 246 civile
698 207 893 246 exiturum
910 209 928 246 ?
957 207 1067 256 Quid
1078 219 1167 259 ergo
1179 206 1327 253 accidit,

210 275 278 301 cur
297 262 497 301 consilium
516 269 708 299 mutarem
723 264 740 300 ?
771 262 914 300 Nonne
927 261 1056 299 omnia
1068 262 1209 312 potius,
1225 268 1269 300 ut
1285 261 1326 299 in

211 316 397 355 sententia
434 315 726 376 permanerem?
762 315 904 354 Credas
941 316 1014 354 hoc
1044 315 1156 362 1111111,
1193 315 1324 356 velim.

213 370 317 421 quod
341 377 435 422 puto
466 378 503 407 te
532 369 761 416 existimare,
787 382 851 407 me
880 382 928 407 ex
957 369 1017 407 his
1039 369 1200 407 miseriis
1228 369 1326 407 nihil

210 424 315 462 aliud
334 436 514 476 quaerere,
535 423 608 461 nisi
626 430 670 460 ut
687 423 860 462 homines
872 422 1078 475 aliquando
1095 423 1326 474 intelligant,

209 490 273 515 me
291 478 389 516 nihil
403 477 594 524 maluisse,
617 490 734 527 quam
746 490 904 528 paeem3
936 490 981 515 53
998 476 1209 528 desperata,
1229 475 1327 514 nihil

210 539 290 570 tam
309 532 464 583 fugisse,
485 544 603 582 (1113111
622 544 729 568 311113
747 530 883 569 civilia.
1296 558 1298 561 .

267 586 400 635 Hujus
412 597 475 622 me
489 584 721 630 constantiae,
737 592 832 635 puto
849 584 943 631 fore,
964 592 1008 623 ut
1027 596 1229 636 nunquam
1246 598 1326 636 poe-

212 639 342 677 niteat.
372 638 530 677 Etenim
556 638 730 683 memini,
750 639 790 675 in
808 638 880 677 hoc
905 651 1042 690 genere
1067 639 1219 689 gloriari
1237 639 1327 677 soli-

212 701 298 732 tum
313 706 391 731 esse
402 692 631 730 familiarem
650 699 838 738 nostrum,
859 692 911 740 Q.
937 692 1202 741 Hortensium,
1222 693 1327 745 quod

212 760 414 798 nunquam
442 747 544 784 bello
572 746 673 783 civili
700 745 944 784 interfuisset.
990 746 1078 784 Hoc
1098 753 1226 785 nostra
1242 748 1327 785 laus

213 801 284 839 erit
301 800 496 845 illustrior,
518 799 621 850 quod
640 800 697 837 illi
715 800 954 838 tribuebatur
977 799 1162 850 ignaviae:
1193 800 1241 838 de
1258 813 1327 839 no-

212 855 271 893 bis
283 854 322 892 id
335 854 543 892 existimari
560 866 668 904 posse
686 866 763 891 non
783 854 954 892 arbitror.
986 854 1070 891 Nec
1088 867 1151 892 me
1164 853 1237 892 ista
1253 861 1328 892 ter-

213 916 311 956 rent,
343 922 430 959 quae
457 907 555 944 mihi
574 919 596 944 a
615 915 652 944 te
681 907 730 944 ad
761 906 937 945 timorem
963 907 1183 945 fidelissime
1213 914 1330 960 atque

215 962 474 1000 amantissime
492 968 768 1011 proponuntur.
798 961 921 999 Nulla
938 968 994 999 est
1012 961 1115 999 enim
1133 962 1330 1012 acerbitas,

213 1029 301 1068 quae
320 1028 397 1054 non
416 1015 607 1061 omnibus,
620 1014 692 1054 hac
711 1015 811 1053 orbis
830 1022 1017 1053 terrarum
1033 1016 1330 1067 perturbatione,

213 1070 433 1131 impendere
451 1068 646 1107 videatur:
678 1082 797 1120 quam
820 1068 978 1119 quidem
997 1081 1067 1120 ego
1081 1082 1104 1107 3
1121 1069 1330 1121 republica,

213 1124 309 1162 meis
326 1123 483 1185 privatis
503 1130 540 1161 et
557 1122 771 1161 domesticis
796 1122 1048 1162 incommodis
1065 1123 1328 1172 libentissime,

213 1179 274 1216 vel
292 1178 372 1216 istis
386 1177 477 1229 ipsis
496 1189 583 1228 quae
602 1184 645 1214 tu
663 1189 727 1215 me
745 1189 878 1216 mones
895 1184 941 1215 ut
959 1189 1128 1225 caveam,
1147 1177 1332 1217 redemis-

216 1244 310 1270 sem.

268 1285 370 1324 Filio
387 1297 473 1323 meo
493 1287 536 1336 (q
536 1297 626 1323 uem
650 1284 722 1323 tibi
749 1296 881 1323 carum
904 1296 983 1322 (555
992 1284 1182 1346 gaudeo),
1202 1285 1235 1324 si
1260 1285 1330 1325 erit

213 1339 294 1378 ulla
318 1339 544 1390 respublica,
578 1339 667 1376 satis
699 1339 891 1400 amplum
905 1338 1180 1389 patrimonium
1215 1340 1331 1378 relin-

214 1406 334 1455 quam
361 1393 402 1430 in
424 1392 609 1431 memoria
632 1392 798 1430 nominis
818 1392 906 1430 mei.
961 1392 1029 1431 Sin
1060 1400 1189 1432 autem
1222 1394 1332 1432 nulla

215 1448 311 1493 erit;
340 1446 438 1484 nihil
465 1446 607 1485 accidet
636 1446 670 1484 ei
708 1446 910 1507 separatim
939 1459 963 1484 a
984 1447 1140 1499 reliquis
1171 1447 1329 1487 civibus.

216 1502 337 1549 Ν3111,
376 1501 480 1551 quod
509 1513 632 1551 rogas,
663 1508 708 1538 ut
735 1500 935 1552 respiciam
961 1513 1147 1551 generum
1181 1513 1330 1550 meum,

215 1555 491 1593 adolescentem
527 1555 732 1606 optimum,
779 1553 952 1604 mihique
987 1554 1239 1603 carissimum,
1282 1569 1332 1594 an

214 1609 381 1656 dubitas,
397 1621 486 1646 cum
501 1608 609 1655 scias,
627 1608 761 1660 quanti
775 1621 865 1646 cum
875 1607 1003 1656 iHum,
1023 1615 1109 1647 tum
1127 1621 1216 1648 vero
1233 1608 1334 1648 Tul-

217 1662 311 1701 liam
330 1675 458 1701 meam
475 1662 628 1710 faciam,
649 1661 744 1722 quin
759 1675 803 1700 ea
816 1674 879 1699 me
893 1674 984 1700 cura
1001 1662 1334 1703 vehementissime

219 1716 422 1756 sollicitet?
452 1723 489 1754 et
508 1729 552 1754 eo
569 1716 707 1766 magis,
729 1715 846 1766 quod,
866 1715 908 1753 in
932 1716 1200 1755 communibus
1217 1717 1333 1757 mise-

217 1770 297 1818 riis,
341 1770 413 1808 hac
447 1777 578 1808 tamen
614 1771 829 1809 oblectabar
877 1770 1046 1820 specula,
1085 1770 1332 1810 Dolabellam

220 1836 366 1871 meum,
404 1824 465 1862 vel
492 1823 620 1875 potius
653 1830 840 1870 nostrum,
871 1823 952 1861 fore
979 1825 1028 1862 ab
1059 1823 1105 1862 iis
1133 1825 1331 1875 molestiis,

218 1891 313 1929 quas
326 1878 500 1916 libertate
515 1878 584 1916 sua
602 1884 852 1923 contraxerat,
872 1877 1050 1915 liberum.
1078 1877 1210 1916 Velim
1229 1883 1334 1930 quae'.

220 1945 294 1979 ras,
313 1937 421 1983 quos
450 1932 516 1969 1115
546 1931 626 1970 (1155
655 1931 884 1975 sustinuerit,
915 1931 956 1968 in
973 1932 1082 1970 Urbe
1109 1931 1205 1970 dum
1231 1932 1332 1982 fuit3

219 1998 340 2036 quam
354 1987 505 2024 acerbos
520 1985 606 2033 sibi,
622 1997 740 2037 quam
758 1984 941 2035 mihiipsi
959 1998 1085 2024 socero
1102 1998 1180 2024 non
1198 1986 1335 2027 hones-

224 2045 294 2077 tos.
321 2040 459 2092 Itaque
485 2052 611 2092 neque
639 2051 708 2090 ego
735 2038 840 2077 hunc
872 2038 1168 2090 Hispaniensem
1204 2053 1334 2080 casum

224 2100 411 2144 exspecto,
427 2093 475 2132 de
493 2106 571 2145 quo
588 2093 686 2131 mihi
704 2092 946 2144 exploratum
964 2100 1020 2131 est
1037 2093 1091 2131 ita
1108 2106 1200 2142 esse,
1218 2101 1263 2132 ut
1290 2103 1333 2134 tu

223 2146 367 2194 scribis,
396 2159 465 2186 nec
482 2147 697 2199 quidquam
714 2152 837 2184 astute
855 2146 989 2197 cogito.
1033 2146 1075 2186 Si
1093 2147 1247 2199 quando
1265 2150 1334 2188 erit

225 2199 369 2250 civitas,
390 2201 461 2241 erit
477 2201 645 2254 profecto
658 2199 768 2242 nobis
784 2200 911 2240 locus:
942 2200 1001 2240 sin
1014 2208 1143 2242 autem
1160 2213 1238 2242 non
1249 2203 1334 2251 erit,
