1481 2422
281 81 365 121 AD
394 80 696 122 DIVERSOS.
725 81 826 120 Lm.
848 81 926 121 IX.
956 82 1022 120 25.
1134 82 1217 127 277

82 191 233 245 agendi,
253 190 507 244 providendi:
537 191 610 230 hoc
633 191 800 243 denique
818 191 948 230 animo
978 203 1080 237 sum,
1102 198 1160 238 ut,
1182 191 1213 230 si

82 247 124 286 in
142 247 214 285 hac
236 245 327 284 cura
351 253 468 298 atque
493 246 823 285 administratione
842 246 922 284 vita
946 246 1044 284 mihi
1068 258 1216 297 ponen-

82 300 133 340 da
161 301 225 347 sit,
245 301 425 352 praeclare
453 309 584 340 actum
610 313 764 339 mecum
798 308 946 353 putem.
989 300 1128 338 Etiam
1159 308 1218 339 at-

84 367 161 408 que
179 354 296 394 etiam
316 355 412 394 vale.

278 515 392 563 (25.)
422 511 636 554 CICERO
667 514 790 553 IMP.
822 512 1008 553 PAETO.

135 623 649 675 (Argumentum.-Cum
679 624 825 664 Ciliciae
854 624 988 663 Cicero
1016 636 1086 676 pro
1123 636 1215 662 con-

81 679 165 717 sule
183 688 373 731 praeesset‚
398 693 421 718 a
441 681 549 718 Paeto
569 679 698 718 literas
717 679 764 717 de
789 693 830 718 re
857 679 1014 717 militari
1042 678 1211 730 accepit:

81 734 334 839 ffiieailsdgqqans
358 735 419 774 his
442 734 626 787 exagitat,
657 741 695 773 et
718 734 799 773 una
827 734 889 772 M.
911 733 1081 772 Fabium
1109 746 1214 772 com-

138 897 350 936 Summum
369 910 433 937 me
451 897 591 937 ducem
610 899 731 937 literae
750 906 828 937 tuae
847 896 1057 936 reddidere.
1090 897 1214 936 Plane

81 951 312 1001 nesciebam,
334 959 371 990 te
391 960 472 991 tam
491 953 660 1004 peritum
680 966 760 991 esse
776 953 833 991 >rei
852 953 1040 990 militaris.
1072 952 1215 1003 Pyrrhi

82 1014 120 1044 te
137 1006 255 1046 libros
275 1015 312 1045 et
331 1007 462 1046 Cineae
480 1007 590 1046 video
616 1007 816 1046 lectitasse.
858 1008 996 1059 Itaque
1016 1008 1216 1058 obtempe-

81 1073 166 1099 rare
185 1061 310 1113 cogito
334 1062 534 1114 praeceptis
560 1062 662 1101 tuis:
693 1062 766 1101 hoc
793 1062 989 1114 amplius3
1019 1061 1216 1099 navicula-

82 1128 171 1154 rum
185 1116 326 1155 habere
344 1116 492 1168 aliquid
511 1117 552 1154 in
567 1117 634 1155 ora
652 1116 848 1155 maritima
863 1131 872 1154 :
896 1126 1027 1155 contra
1045 1116 1215 1167 equitem

82 1170 276 1209 Parthum
305 1178 450 1222 negant
471 1171 594 1210 ullam
621 1180 856 1210 armaturam
884 1171 1084 1210 meliorem
1109 1170 1217 1209 inve-

81 1225 157 1263 niri
175 1238 296 1277 posse.
327 1225 404 1265 Sed
429 1225 525 1278 quid
549 1225 756 1265 ludimus?
786 1226 922 1274 nescis,
944 1238 1114 1278 quocum
1141 1224 1218 1263 im-

79 1287 254 1331 peratore
282 1279 354 1319 tibi
383 1280 583 1332 negotium
621 1281 682 1319 sit.
732 1280 900 1318 Παιδειαν
937 1287 1061 1330 Κυρου,
1095 1292 1216 1332 quam

81 1334 335 1374 conti-iveram
366 1334 544 1387 legende,
582 1342 705 1374 totam
732 1334 774 1373 in
801 1335 874 1373 hoc
901 1334 1065 1386 imperio
1093 1334 1219 1386 expli-

81 1389 176 1428 cavi.
218 1389 295 1429 Sed
321 1389 541 1439 jocabimur
573 1390 668 1428 alias
698 1402 841 1437 coram,
873 1398 919 1428 ut
951 1402 1074 1441 spero,
1109 1389 1217 1428 brevi

81 1449 265 1496 tempore.
297 1444 338 1482 N
343 1457 417 1483 unc
435 1444 525 1483 ades
550 1444 600 1482 ad
618 1444 905 1496 imperandum,
927 1445 988 1482 vel
1011 1443 1061 1482 ad
1078 1456 1220 1496 paren-

81 1497 178 1536 dum
190 1499 346 1550 potius,
335 1512 345 1522 ·
377 1499 430 1537 sic
449 1499 553 1538 enim
573 1499 724 1561 antiqui
744 1499 1016 1551 loquebantur.

135 1552 241 1592 Cum
261 1553 324 1592 M.
339 1553 461 1592 Fabio
483 1553 608 1606 (quod
626 1554 722 1592 scire
741 1561 778 1592 te
798 1554 977 1601 arbitror)
997 1552 1096 1592 mihi
1110 1565 1219 1591 sum-

79 1619 169 1646 mus
194 1620 288 1647 usus
316 1615 406 1654 est3
438 1608 626 1660 valdeque
656 1621 746 1647 eum
777 1608 911 1659 diligo,
942 1621 1033 1647 cum
1062 1615 1220 1660 propter

81 1675 278 1701 summam
297 1637 530 1715 probitatem
549 1664 632 1713 ejus
650 1676 694 1701 ac
713 1663 950 1714 singularem
968 1662 1215 1723 modestiam,

81 1723 169 1754 tum
189 1717 308 1768 quod
335 1717 376 1755 in
399 1717 461 1756 his
480 1718 742 1757 controversiis
767 1731 864 1770 quas
888 1717 1012 1756 habeo
1031 1730 1121 1756 cum
1140 1716 1220 1756 tuis

83 1771 377 1810 combibonibus
397 1771 612 1824 Epicureis,
639 1772 788 1824 optima
815 1772 932 1824 opera
959 1773 1042 1822 ejus
1069 1771 1128 1810 uti
1156 1785 1218 1810 so-

83 1825 159 1863 leo.
195 1826 237 1865 Is
256 1839 346 1865 cum
366 1826 416 1865 ad
440 1839 503 1865 me
523 1827 758 1866 Laodiceam
778 1827 954 1875 venisset,
983 1838 1219 1878 mecumque

83 1892 155 1931 ego
174 1893 264 1919 eum
285 1894 365 1919 esse
392 1881 546 1930 vellem,
575 1889 730 1933 repente
755 1894 956 1933 percussus
981 1888 1037 1919 est
1062 1881 1217 1919 atrocis-

83 1934 190 1972 simis
209 1935 343 1983 lsteris,
365 1935 406 1974 in
424 1936 567 1988 quibus
595 1936 780 1988 scriptum
807 1944 902 1983 erat,
922 1935 1092 1974 fundum
1112 1935 1217 1973 Her-

82 1989 331 2029 culanensem
360 2004 384 2029 a
411 1990 462 2039 Q.
494 1990 630 2039 Fabio,
661 1991 792 2038 fratre,
821 1991 1078 2043 proscriptum
1109 2002 1215 2035 esse;

84 2043 154 2095 qui
172 2043 318 2083 fundus
338 2058 427 2084 cum
451 2058 495 2084 eo
520 2046 737 2084 communis
763 2054 871 2084 esset.
907 2045 958 2083 Id
977 2045 1039 2082 M.
1068 2043 1215 2089 Fabius

81 2099 317 2149 pergraviter
336 2100 449 2146 tulit3
482 2100 805 2152 existimavitque,
821 2099 979 2138 fratrem
1002 2111 1132 2147 suum,
1147 2098 1218 2135 ho-

81 2152 230 2191 minem
248 2166 324 2192 non
346 2155 573 2207 sapientem,
594 2155 768 2208 impulsu
787 2154 1032 2194 inimicorum
1052 2166 1216 2192 suorum

82 2219 128 2244 eo
142 2220 387 2258 progressum
407 2223 497 2248 esse.

138 2263 307 2313 (Epist.)
337 2275 443 2304 VOL.
467 2276 497 2303 1.
869 2265 894 2302 2
912 2274 937 2301 R
