1501 2407
323 100 408 142 AD
436 89 737 142 DIVERsos'.
766 101 865 140 Lm.
886 100 938 141 v.
972 102 1034 140 14.
1172 101 1250 140 133

139 228 145 234 ·
167 210 277 260 Quid
295 218 353 251 eet
366 211 469 250 enim
481 211 630 250 nonita
643 211 839 259 affectum,
855 218 900 249 ut
917 210 959 249 id
977 223 1056 249 non
1075 209 1250 250 deletum

113 267 424 318 exstinctumque
436 278 517 304 esse
523 266 665 304 fateare
675 268 693 305 Ρ
708 265 970 317 Circumspice
981 265 1113 303 omnia
1124 277 1251 303 mem-

102 321 182 359 —bra
198 320 432 372 reipublicae‚
453 334 542 373 quae
559 320 759 359 notissima
778 328 867 359 sunt
887 320 982 358 tibi:
1014 319 1171 357 nullum
1186 333 1247 358 re-

110 374 234 426 peries
247 375 432 427 profecto,
460 375 566 427 quod
585 387 661 413 non
681 375 848 414 fractum
869 374 1163 413 debilitatumve
1182 375 1245 412 sit.

113 429 217 477 Quae
226 443 486 482 persequerer,
508 429 541 468 si
560 437 628 467 aut
639 430 778 468 melius
798 443 841 468 ea
861 429 1044 476 viderem,
1066 443 1186 482 quam
1202 437 1246 467 tu

112 484 231 532 vidae,
246 491 316 522 aut
334 497 635 523 commemorare
653 498 805 536 possem
821 485 902 523 sine
920 484 1075 522 dolore:
1106 497 1247 536 quam-

110 551 247 589 quam,
259 539 336 577 tuis
354 539 604 578 monimentis
617 539 908 592 praeceptisque,
930 539 1055 577 omnis
1075 546 1130 578 est
1145 539 1248 589 abji-

110 592 268 632 ciendus
286 593 406 632 dolor.

165 647 274 699 Ergo
293 655 331 686 et
350 648 559 688 domestica
579 648 762 697 feremus,
782 656 827 687 ut
847 662 1001 695 censes;
1033 656 1070 687 et
1089 648 1246 701 publica

108 703 228 764 paulo
246 703 364 741 etiam
382 703 519 742 fortius
538 704 711 752 fortasse,
733 717 852 756 quam
871 712 915 742 tu
933 704 1029 756 ipse,
1051 703 1120 755 qui
1146 717 1248 754 prae-

109 757 218 809 cipis.
261 757 323 796 Te
353 758 457 797 enim
483 772 569 810 spes
591 758 735 820 aliqua
763 760 994 820 consolatur,
1015 766 1060 796 ut
1085 757 1244 797 scribis.

110 824 181 850 nos
211 820 343 851 autem
372 813 529 860 erimus,
551 813 666 852 etiam
692 813 733 851 in
761 814 938 851 omnium
967 813 1244 865 desperatione,

109 867 240 916 fortes,
261 876 306 906 ut
324 874 366 905 tu
386 874 516 906 tamen
531 868 636 906 idem
652 876 689 906 et
709 868 872 906 hortaris
891 877 928 906 et
946 867 1132 929 praecipis.
1163 867 1247 906 Das

110 921 216 960 enim
227 921 326 960 mihi
340 923 534 972 jucundas
548 922 823 961 recordationes
838 922 1076 961 conscientiae
1090 930 1244 972 nostrae,

110 989 318 1028 rerumque
337 989 485 1025 earum,
506 990 618 1030 quas,
647 985 685 1016 te
711 978 753 1015 in
772 977 909 1028 primis
938 985 1106 1024 auctore,
1127 978 1246 1028 gessi-

109 1043 210 1069 mus.
255 1031 512 1070 Praestitimus
551 1032 656 1070 enim
686 1032 821 1083 patriae
847 1044 924 1070 non
962 1032 1093 1070 minus
1132 1039 1245 1080 certe,

111 1099 231 1137 quam
247 1086 479 1132 debuimus3
509 1087 597 1138 plus
616 1087 800 1137 profectO,
830 1099 949 1138 quam
970 1094 1026 1124 est
1046 1088 1094 1125 ab
1115 1087 1246 1125 animo

109 1141 343 1192 cujusquam
362 1149 430 1179 aut
449 1141 608 1179 consilio
625 1141 795 1179 hominis
814 1141 1106 1192 postulandum.

164 1196 346 1246 Ignosces
360 1195 459 1233 mihi
478 1196 525 1233 de
540 1208 604 1233 me
614 1196 699 1246 ipso
715 1195 863 1246 aliquid
876 1196 1111 1247 praedicanti.
1134 1195 1248 1244 Qua-

108 1263 197 1287 rum
225 1250 329 1288 enim
356 1257 399 1288 tu
424 1263 554 1288 rerum
573 1250 802 1301 cogitatione
821 1262 890 1288 nos
915 1250 1042 1288 levare
1071 1249 1248 1302 [aegritu-

110 1304 220 1357 diue]
252 1304 421 1351 voluisti,
450 1318 584 1343 earum
609 1305 726 1343 etiam
756 1305 1120 1343 commemoratione
1150 1306 1248 1344 leni-

108 1371 210 1397 mur.
242 1359 396 1411 Itaque,
418 1367 462 1397 ut
480 1372 628 1407 mones,
645 1366 836 1411 quantum
853 1367 999 1411 potero,
1015 1372 1079 1398 me
1093 1361 1142 1398 ab
1162 1373 1248 1398 om-

108 1414 224 1453 nibus
253 1414 436 1453 molestiis
456 1422 493 1452 et
512 1414 720 1466 angoribus
748 1413 965 1460 abducam3
998 1415 1248 1453 transferam-

108 1481 187 1520 que
205 1469 382 1507 animum
402 1469 452 1507 ad
481 1483 539 1516 ea,
565 1469 708 1521 quibus
737 1469 914 1507 secundae
942 1482 1001 1507 res
1030 1477 1245 1515 ornantur,
1233 1483 1245 1494 ·

109 1523 278 1562 adversae
288 1523 548 1574 adjuvantur3
571 1532 777 1575 tecumque
796 1531 832 1561 et
852 1537 915 1562 ero
935 1532 1104 1571 tantum,
1123 1537 1249 1576 quan-

107 1585 194 1616 tum
212 1578 360 1630 patietu
363 1592 382 1616 r
405 1578 608 1631 utriusque
627 1586 718 1616 aetas
736 1586 773 1616 et
793 1578 996 1617 v:aletudo
1030 1587 1080 1627 et,
1106 1579 1138 1617 si
1167 1591 1250 1618 esse

108 1645 189 1670 una
221 1633 353 1671 minus
383 1633 610 1685 poterimus,
636 1646 757 1685 quam
786 1634 992 1679 v;olumus
1024 1633 1247 1672 animorum

108 1696 239 1726 tamen
262 1688 545 1737 conjunctione,
575 1688 711 1726 iisdem
741 1687 878 1726 studiis
901 1688 954 1726 ita
983 1688 1174 1737 fruemur,
1199 1696 1246 1726 ut

109 1754 315 1794 nunquam
333 1754 412 1781 non
430 1755 512 1782 una
530 1756 610 1782 esse
629 1743 842 1781 videamur.
872 1742 986 1781 Vale.

64 1944 68 1947 ,
111 1903 228 1956 (14.)
250 1905 300 1944 L.
315 1905 618 1957 LUCCEIUS,
639 1906 694 1956 Q.
710 1907 757 1946 F.
779 1907 819 1947 S.
833 1906 887 1945 D.
910 1906 973 1945 M.
983 1905 1034 1944 T.
1050 1905 1095 1945 C.
1118 1905 1183 1944 M.
1194 1905 1245 1944 F.

183 2018 512 2068 (Argumentum.
536 2040 581 2047 —
605 2017 772 2067 Quaerit,
800 2031 869 2057 cur
896 2017 1046 2055 tamdiu
1071 2017 1171 2055 absit
1195 2017 1245 2054 ab

109 2072 220 2111 Urbe
250 2073 397 2111 Cicero.
445 2072 615 2120 Laudat,
650 2073 683 2111 si
710 2080 867 2124 propter
899 2072 1024 2110 otium
1057 2071 1246 2110 scribendi

106 2127 200 2165 fiat:
222 2139 300 2165 non
315 2129 467 2179 probat,
489 2127 521 2165 si
538 2135 694 2179 propter
708 2140 911 2166 moerorem
932 2140 980 2165 ex
999 2134 1123 2165 morte
1143 2125 1245 2164 filiae.

107 2181 263 2220 Deinde
288 2181 454 2220 rationes
473 2182 739 2234 compescendi
757 2182 899 2220 doloris
918 2181 1053 2220 addit.
1085 2180 1243 2219 rationi-

105 2237 181 2274 bus
199 2236 380 2288 adjungit
397 2250 541 2289 preces,
569 2244 607 2276 et
624 2237 798 2276 modeste
817 2236 992 2282 claudit.)

160 2293 328 2343 (Epist.)
351 2303 378 2329 v
385 2302 965 2331 01..1.N
