1481 2422
321 98 405 138 AD
434 96 734 137 DIVERSOS.
767 95 868 134 Lm.
900 95 954 134 X.
985 95 1050 134 30.
1177 95 1259 140 317

133 218 223 246 nere
240 219 318 247 non
338 216 569 260 poteramus.
599 205 797 245 Antonius
816 203 866 242 ad
888 203 1036 243 Forum
1057 202 1262 242 Gallorum

134 275 221 301 suas
240 263 366 314 copias
385 263 626 301 continebat:
656 272 782 311 neque
800 258 887 297 sciri
902 260 1066 307 volebat,
1087 271 1126 297 se
1143 258 1263 310 legio-

134 329 202 355 nes
221 317 385 356 habere:
415 324 570 355 tantum
590 314 806 366 equitatum
825 320 862 351 et
881 313 1006 351 levem
1025 320 1262 352 armaturam

134 371 368 410 ostendebat.
399 372 658 423 Posteaquam
691 368 800 415 vidit,
833 380 871 406 se
903 367 1038 414 invito,
1069 367 1262 418 legionem

134 425 203 474 ire,
235 427 376 475 Pansa,
409 425 517 478 sequi
545 438 585 463 se
617 423 712 461 duas
734 422 902 474 legiones
931 422 1045 472 jussit
1077 422 1262 460 tironum.

133 480 391 532 Posteaquam
420 480 615 532 angustias
640 477 794 530 paludis
819 484 856 515 et
881 476 1064 514 silvarum
1087 476 1263 515 transivi-

133 547 236 584 mus,
258 535 354 574 acies
375 542 430 573 est
448 535 634 573 instructa
652 546 675 570 a
693 532 803 570 nobis
818 531 1020 569 duodecim
1032 529 1261 569 cohortium.

134 589 326 628 Nondum
348 597 530 628 venerant
547 587 715 640 legiones
743 586 841 625 duae.
872 585 1048 637 Repente
1067 585 1264 624 Antonius

132 644 174 682 in
193 645 314 683 aciem
333 658 419 683 suas
439 643 566 696 copias
584 644 632 682 de
650 642 732 681 vico
757 639 955 693 produxit,
983 648 1020 679 et
1049 640 1130 679 sine
1153 640 1264 679 mora

133 699 336 738 concurrit.

190 753 324 792 Primo
343 753 397 791 ita
414 760 634 805 pugnatum
663 757 732 799 est,
764 757 809 788 ut
827 748 951 788 acrius
973 761 1051 787 non
1069 756 1196 801 posset
1214 762 1262 788 ex

133 808 300 860 utraque
316 815 425 860 parte
441 807 608 860 pugnari
624 822 635 845 ε
667 806 736 845 etsi
763 804 957 843 dexterius
971 816 1104 852 cornu,
1125 804 1166 842 in
1185 817 1263 856 quo

134 875 239 901 eram
259 875 349 902 cum
368 863 525 901 Martiae
553 861 713 913 legionis
743 859 962 898 cohortibus
988 867 1087 906 octo,
1113 858 1263 911 impetu

134 916 262 968 primo
290 917 490 969 fugaverat
512 916 704 968 legionem
723 913 893 953 XXXV
912 913 1089 962 Antonii,
1116 921 1161 951 ut
1180 926 1264 951 am-

133 971 237 1023 plius
273 985 406 1023 passus
445 970 716 1023 [quingentos]
756 969 858 1007 ultra
893 969 1028 1016 aciem,
1068 981 1146 1019 quo
1181 968 1264 1006 loco

134 1033 301 1074 steterat,
335 1026 570 1078 processerit.
610 1026 762 1077 Itaque,
794 1036 883 1061 cum
914 1022 1060 1075 equites
1088 1029 1265 1060 nostrum

134 1093 252 1119 cornu
283 1081 440 1120 circuire
464 1080 619 1128 vellent,
648 1079 814 1131 recipere
843 1090 907 1115 me
932 1078 1042 1128 coepi,
1072 1086 1109 1116 et
1139 1077 1265 1116 levem

135 1144 371 1174 armaturam
397 1148 588 1190 opponere
607 1135 841 1173 Maurorum
860 1132 1068 1184 equitibuS,
1089 1144 1138 1170 ne
1157 1145 1265 1170 aver-

136 1203 196 1228 sos
210 1197 360 1229 nostros
377 1190 685 1241 aggrederentur.
716 1187 878 1226 Interim
894 1187 1018 1236 video,
1034 1200 1097 1225 me
1112 1199 1191 1225 esse
1204 1186 1265 1224 in-

135 1251 192 1282 ter
208 1244 463 1292 Antonianos,
476 1244 775 1294 Antoniumque
788 1249 876 1293 post
886 1254 949 1279 me
963 1254 1042 1280 esse
1053 1241 1264 1293 aliquanto.

136 1298 313 1351 Repente
341 1312 486 1352 equum
513 1298 658 1340 immisi
680 1298 730 1336 ad
756 1309 840 1335 eam
868 1295 1059 1347 legionem
1078 1295 1263 1344 tironum,

136 1367 226 1406 quae
244 1354 419 1392 veniebat
437 1367 485 1391 ex
500 1353 644 1401 castris,
666 1359 773 1391 scuto
791 1352 942 1400 rejecto.
971 1350 1188 1388 Antoniani
1201 1363 1266 1388 me

135 1407 310 1460 insequi:
341 1409 461 1447 nostri
478 1408 558 1459 pila
576 1407 760 1457 conjicere
778 1406 888 1444 velle.
931 1405 1008 1453 Ita,
1038 1405 1164 1444 nescio
1187 1418 1265 1458 quo

136 1462 230 1508 fato,
252 1476 339 1502 sum
359 1470 543 1510 servatus,
564 1462 669 1514 quod
688 1474 775 1500 sum
791 1461 864 1498 cito
884 1473 907 1498 a
925 1459 1062 1498 nostris
1077 1460 1265 1511 cognitus.

194 1517 242 1555 In
262 1518 346 1570 ipsa
364 1517 543 1566 AEmilia,
563 1517 632 1555 ubi
650 1516 783 1555 cohors
799 1514 960 1553 Caesaris
978 1516 1154 1565 praetoria
1169 1523 1263 1565 erat,

137 1572 206 1610 diu
224 1579 443 1624 pugnatum
462 1578 528 1610 est.
559 1572 691 1611 Cornu
703 1569 927 1617 sinisterius,
944 1569 1049 1621 quod
1060 1577 1140 1607 erat
1159 1570 1266 1609 infir-

137 1627 254 1676 mins,
274 1627 343 1665 ubi
357 1626 514 1664 Martiae
531 1626 692 1678 legionis
711 1625 799 1663 duae
817 1623 988 1662 cohortes
1007 1632 1128 1673 erant,
1150 1632 1187 1663 et
1206 1638 1268 1664 co-

137 1681 227 1720 hors
241 1681 432 1733 praetoria,
447 1681 586 1732 pedem
600 1681 738 1718 referre
756 1685 965 1730 coeperunt,
982 1679 1086 1730 quod
1098 1681 1146 1718 ab
1158 1680 1267 1731 equi-

137 1742 222 1774 tatu
241 1735 513 1783 circuibantur‚
535 1748 612 1786 quo
631 1735 691 1773 vel
709 1734 924 1785 plurimum
939 1734 1040 1772 valet
1052 1735 1264 1773 Antonius.

138 1790 243 1829 Cum
262 1803 395 1828 omnes
413 1803 454 1828 se
470 1789 699 1841 recepissent
717 1788 836 1827 nostri
849 1788 1014 1837 ordines,
1028 1789 1192 1840 recipere
1202 1802 1267 1828 me

136 1844 365 1883 novissimus
391 1843 486 1896 coepi
505 1844 554 1882 ad
571 1851 706 1882 castra.
733 1843 946 1891 Antonius,
966 1850 1169 1894 tamquam
1187 1844 1267 1883 vic-

139 1905 212 1943 tor..
243 1906 365 1938 castra
381 1898 532 1950 putavit
551 1911 590 1936 se
612 1911 723 1950 posse
740 1910 885 1950 capere.
925 1897 1018 1946 Quo
1036 1910 1127 1937 cum
1145 1898 1264 1948 venit,

137 1954 354 2005 complures
372 1953 428 1992 ibi
445 1953 587 2001 amisit,
608 1965 678 1991 nec
695 1953 774 2004 egit
792 1951 1019 2004 quidquam.

192 2008 347 2046 Audita
364 2021 418 2056 re,
440 2007 608 2057 Hirtius,
630 2020 720 2046 cum
740 2006 958 2046 cohortibus
973 2006 1110 2058 viginti
1121 2014 1266 2046 vetera-

137 2061 211 2109 nis,
232 2062 408 2100 redeunti
425 2062 600 2100 Antonio
617 2061 659 2099 in
678 2075 748 2100 sua
765 2068 887 2101 castra
904 2062 1094 2108 occurrit3
1122 2062 1268 2114 copias—

139 2129 216 2168 que
234 2117 316 2166 ejus
334 2129 467 2155 omnes
492 2116 632 2155 delevit
656 2116 896 2168 fugavitque,
917 2115 1051 2154 eodem
1079 2116 1176 2164 loco,
1196 2116 1268 2154 ubi

137 2177 218 2208 erat
228 2178 461 2222 pugnatum,
474 2170 524 2208 ad
538 2170 686 2208 Forum
701 2171 919 2209 Gallorum.
947 2170 1161 2219 Antonius,
1177 2182 1268 2209 cum

137 2224 346 2276 equitibus,
360 2225 456 2265 hora
474 2225 594 2264 noetis
608 2224 761 2277 quarta,
778 2238 817 2265 se
827 2225 1010 2317 inocastga
1021 2239 1092 2265 sua
1103 2225 1154 2265 ad
1171 2226 1269 2265 Mu-

869 2304 892 2317 -ι
914 2288 944 2318 l:
