1481 2422
299 100 385 138 AD
414 98 715 139 DIVERSOS.
747 99 836 137 Lm.
859 99 936 138 IX.
961 99 1022 137 16.
1153 97 1236 135 263

112 208 330 247 scribuntur
348 208 453 260 apud
471 215 682 247 amatorem
697 216 825 253 tuum,
845 207 1077 246 familiarem
1090 217 1237 244 meum.

36 267 43 274 “
112 263 167 300 Et
185 262 358 313 quidem,
379 276 469 301 cum
483 263 524 301 in
543 271 714 301 mentem
734 263 852 308 venit,
873 275 995 314 ponor
1009 261 1058 298 ad
1073 260 1240 298 scriben-

112 317 234 355 dum.
224 331 234 340 ·
266 326 303 355 et
321 325 409 355 ante
423 317 537 355 audio
552 317 942 356 senatus-consultum
955 316 995 353 in
1009 314 1238 353 Armeniam

113 378 151 409 et
169 371 323 422 Syriam
341 384 422 409 esse
440 372 651 423 perlatum,
672 371 806 423 quod
795 384 837 408 111
855 384 985 409 meam
1011 369 1240 408 sententiam

112 425 260 464 factum
280 439 317 464 es
320 438 359 464 e
378 425 540 473 dicatur,
554 439 674 478 quam
693 425 851 464 omnino
862 425 1098 463 mentionem
1117 423 1241 460 ullam

112 478 161 518 de
179 492 223 518 ea
240 493 280 518 re
299 493 380 518 esse
397 479 552 518 factam.

166 534 303 585 Atque
320 533 393 573 hoc
411 534 532 573 nolim
544 547 608 574 me
619 534 739 585 jocari
757 541 880 586 putes.
911 533 1019 572 Nam
1038 531 1137 570 mihi
1152 529 1245 569 scito

109 589 195 638 jam
214 601 237 626 a
254 588 410 640 regibus
428 588 576 627 ultimis
596 590 730 628 allatas
749 601 828 627 esse
845 588 988 635 literas,
1010 587 1152 639 quibus
1169 584 1245 622 mi-

113 642 156 680 hi
174 643 315 694 gratias
335 651 466 694 agant,
488 643 593 695 quod
612 657 650 682 se
668 656 757 681 mea
777 642 965 681 sententia
986 654 1092 692 reg&
1112 639 1246 691 appel-

114 697 302 735 laverim:
334 710 431 750 quos
457 710 527 748 ego
555 710 633 736 non
657 697 774 735 modo
801 710 907 748 reges
932 696 1196 748 appellatos,s

114 751 273 789 omnino
291 759 414 799 natos,
430 752 659 791 nesciebam

171 805 280 854 Quid
311 818 401 857 ergo
425 808 512 845 est?
544 814 688 854 tamen,
712 805 899 858 quamdiu
925 806 990 844 h1c
1020 805 1090 844 erit
1119 812 1248 843 noster

115 859 179 899 hic
198 860 398 911 praefectus
417 861 603 910 moribus,
627 862 768 912 parebo
787 860 1002 898 auctoritati
1021 867 1123 898 tuae:
1155 873 1246 898 cum

116 927 205 953 vero
224 914 359 962 aberit,
381 914 430 952 ad
447 915 588 966 fungos
616 928 681 953 me
708 923 794 953 tuos
820 915 1026 953 conferam.
1068 914 1247 952 Domum

116 969 150 1007 si
168 969 333 1015 habebo,
365 968 407 1006 in
438 968 555 1007 denos
587 969 667 1007 d1es
698 969 868 1020 singulos
900 969 1125 1007 sumtuariae
1149 968 1247 1020 legis

116 1023 197 1062 dies
216 1023 422 1061 conferam.
453 1023 521 1062 Sin
537 1031 667 1062 autem
680 1024 810 1062 minus
828 1023 1010 1062 invenero
1030 1023 1135 1075 quod
1159 1024 1246 1074 pla-

117 1085 213 1124 ceat,
234 1077 383 1116 decrevi
401 1077 574 1116 habitare
606 1077 711 1130 apud
742 1085 790 1116 te.
833 1078 919 1116 Scio
939 1078 1042 1116 enim
1067 1090 1132 1115 me
1149 1078 1248 1116 1111111

115 1131 186 1170 tibi
206 1131 351 1182 gratius
366 1131 488 1170 facere
502 1145 627 1193 posse.
655 1132 832 1170 Domum
848 1133 1050 1171 Sullanam
1070 1132 1248 1184 despera-

116 1187 238 1225 bam‘
223 1199 322 1235 Jam,
354 1194 398 1224 ut
422 1186 493 1225 tibi
518 1186 694 1238 proxime
725 1186 884 1238 scripsi.
916 1187 982 1225 sed
1011 1194 1142 1225 tamen
1168 1199 1247 1226 non

116 1240 251 1291 abjeci.
275 1240 360 1301 Tu,
370 1240 502 1287 velim,
523 1249 568 1279 ut
582 1241 726 1288 scribis,
748 1254 837 1280 cum
857 1241 975 1279 fabris
995 1254 1080 1280 eam
1098 1241 1247 1293 perspi-

115 1295 203 1334 cias.
240 1294 282 1334 Si
301 1294 406 1333 enim
431 1295 530 1333 nihil
550 1302 605 1333 est
623 1296 664 1333 in
683 1295 893 1347 parietibus
919 1303 987 1334 aut
1005 1295 1047 1334 in
1073 1302 1171 1334 tecto
1191 1296 1247 1335 vi-

116 1349 174 1399 tii,
195 1357 331 1389 caetera
348 1348 447 1387 mihi
465 1351 744 1402 probabuntur.
775 1350 889 1389 Vale.

227 1512 345 1566 (16.)
378 1511 596 1553 CICERO
626 1512 873 1553 PAPIRIO
903 1512 1076 1552 PAETO
1104 1513 1145 1552 S.

170 1620 499 1671 (Argumentum.
509 1644 563 1652 —
576 1622 773 1671 Ostendit,
795 1622 894 1662 nihil
913 1637 936 1662 a
961 1635 1000 1662 se
1019 1622 1251 1675 praetermis-

117 1687 204 1713 sum
217 1675 259 1713 in
279 1675 587 1715 Caesarianorum
607 1678 846 1717 concilianda
865 1678 938 1716 sibi
955 1677 1248 1716 benevolentia.

115 1741 185 1768 nec
203 1729 296 1768 boni
323 1730 414 1768 civis
436 1738 505 1769 aut
537 1732 720 1784 sapientis
745 1732 914 1771 hominis
943 1731 1113 1771 officium
1143 1731 1184 1769 in
1211 1744 1251 1770 se

115 1783 322 1886 (ἐὲἰιξετω
339 1797 473 1837 posse:
503 1787 662 1826 tandem
680 1786 731 1825 ad
750 1787 849 1825 Paeti
865 1786 1074 1836 jocationes
1092 1799 1249 1838 respon-

172 1946 430 1987 Delectarunt
460 1961 525 1988 me
557 1957 636 1988 tuae
663 1950 814 1996 literae;
844 1950 885 1988 in
916 1950 1058 2003 quibus
1076 1949 1250 2001 primum

117 2001 246 2040 amavi
264 2015 435 2041 amorem
450 2010 579 2052 tuum,
595 2003 664 2056 qui
679 2011 716 2042 te
735 2005 784 2043 ad
799 2004 1043 2043 scribendum
1062 2004 1250 2053 incitavit,

116 2063 328 2105 verentem,
349 2070 399 2095 ne
419 2057 537 2097 Silius
566 2071 637 2096 suo
666 2059 803 2097 nuntio
826 2059 974 2111 aliquid
996 2059 1095 2096 mihi
1113 2057 1253 2097 sonici-

117 2109 265 2148 tudinis
293 2111 511 2151 attulisset.
542 2112 591 2151 de
609 2125 688 2165 quo
707 2120 745 2151 et
763 2120 807 2151 tu
826 2113 925 2152 mihi
952 2120 1065 2152 antea
1093 2112 1253 2164 scripse-

117 2177 194 2211 135,
214 2164 277 2203 bis
296 2165 458 2217 quidem
476 2166 612 2205 eodem
631 2168 835 2219 exemplo3
864 2167 976 2207 facile
1000 2174 1045 2205 ut
1063 2167 1254 2218 intellige-

116 2230 218 2268 rem,
240 2226 279 2258 te
298 2232 379 2269 esse
398 2229 662 2260 commotum·
651 2251 662 2268 ‚
693 2228 731 2260 et
750 2222 901 2273 egotibi
914 2228 1087 2261 accurate
1097 2221 1256 2274 rescrip-
