1481 2422
352 78 437 119 AD
465 78 766 122 DIVERSOS.
797 81 898 121 1113.
919 81 974 121 X.
1007 81 1069 120 10.
1198 79 1274 120 291

148 183 351 238 liberetur)
367 187 422 227 sic
438 188 601 229 honores
612 190 849 244 praemiaque
863 199 987 231 vestra
998 189 1176 242 suspicio,
1190 201 1280 228 eon-

147 238 307 280 ferenda
324 250 424 282 certe
443 256 534 284 cum
552 245 855 294 immortalitate,
871 253 917 284 ut
935 246 1016 284 sine
1033 245 1094 283 his
1113 243 1212 282 nihil
1230 243 1279 282 de

151 305 239 333 meo
256 296 384 335 studio
397 299 752 352 perseverantiaque
764 301 837 339 sim
851 301 1089 339 remissurus.
1121 298 1224 347 Nisi,
1237 297 1279 335 in

149 348 401 390 multitudine
419 353 655 404 optimorum
681 355 838 403 civium,
865 355 1033 407 impetus
1063 352 1184 392 animi
1202 351 1281 390 mei

147 402 263 442 fuerit
282 404 500 456 singularis,
521 416 559 446 et
576 422 692 460 opera
710 410 931 462 praecipua3
960 408 1059 447 nihil
1077 407 1127 445 ad
1145 419 1276 445 meam

149 456 378 508 dignitatem
397 462 572 501 accedere
591 464 678 502 volo
703 463 977 515 suffragatione
995 462 1132 502 vestra.
1174 461 1279 500 Con-

148 512 302 563 cupiseo
320 522 452 554 autem
470 516 568 555 nihil
579 518 701 556 mihi:
726 520 876 570 (contra
888 518 992 570 quod
1006 517 1087 570 ipse
1098 527 1230 567 pugno
1241 513 1274 564 z)

148 573 187 604 et
204 569 389 620 temporis
408 578 445 608 et
462 571 518 609 rei
535 579 573 610 te
597 572 877 612 moderatorem
901 573 1013 611 facile
1041 570 1166 623 patior
1185 582 1280 608 esse.

149 619 350 715 Nihss'dm
369 637 450 664 sero
468 633 537 664 aut
555 627 693 679 exigue
711 641 735 666 a
761 627 887 680 patria
905 627 979 666 civi
996 626 1188 665 tributum
1210 636 1281 677 po-

149 680 224 714 test
243 688 281 715 vi
309 678 374 716 eri.

201 729 431 772 Exercitum
456 747 490 773 a.
517 733 555 772 d.
582 743 737 775 sextum
767 736 851 776 Cal.
877 735 1006 774 Maias
1037 734 1278 773 Rhodanum

148 785 294 834 trajeci,
324 789 476 839 magnis
505 789 719 830 itineribus.
749 791 906 829 Vienna
925 789 1074 842 equites
1089 789 1198 827 mille
1216 788 1281 827 via

146 838 318 879 breviore
335 843 516 894 praemisi.
546 844 650 895 Ipse,
672 845 705 884 si
723 847 772 884 ab
792 845 942 897 Lepido
968 856 1046 883 non
1070 842 1274 895 impediar,

147 893 338 934 eeleritate
357 897 587 936 satisfaciam
603 913 614 937 ε
646 900 678 937 si
697 908 827 939 autem
845 899 973 938 itineri
992 911 1080 937 meo
1098 911 1138 936 se
1157 910 1277 949 oppo-

146 949 278 997 suerit,
298 950 348 989 ad
366 959 520 1005 tempus
539 954 741 993 consilium
768 954 930 1006 capiam.
969 953 1110 1004 Copias
1130 952 1279 990 adduco

146 1008 186 1041 et
213 1015 376 1045 numero
406 1014 444 1045 et
472 1020 610 1059 genere
639 1017 677 1047 et
708 1008 892 1048 fidelitate
919 1007 1171 1049 firmissimas.
1200 1005 1277 1053 Te,

146 1057 358 1152 &affligas
386 1073 466 1112 me,
496 1062 530 1101 si
554 1070 694 1103 mutuo
726 1062 804 1116 [te]
836 1063 1031 1103 facturum
1057 1061 1141 1111 sci5‚
1171 1072 1278 1112 rog0.

230 1125 265 1152 e.

389 1277 511 1330 (ιο.)
547 1278 761 1321 CICERO
791 1266 1045 1321 PLANCO.

201 1385 530 1438 (Argumentum.
544 1410 600 1419 -—-
613 1389 770 1429 Laudat
796 1390 932 1430 Planci
959 1389 1183 1442 praeclaram
1211 1400 1278 1427 vo-

146 1440 338 1480 luntatem
351 1442 602 1495 studiumque
616 1444 780 1495 juvandi
794 1445 1095 1497 rempublicam:
1116 1443 1280 1494 ideoque

147 1495 309 1547 praemia
336 1509 487 1549 sperare
513 1501 563 1537 ab
596 1507 730 1538 senatu
756 1501 893 1550 jubet;
923 1499 964 1537 in
995 1499 1074 1551 qua
1099 1510 1140 1536 re
1169 1509 1281 1536 suam

146 1561 305 1601 operam
323 1552 551 1656 pqllicetuu
580 1553 833 1607 hortaturque
850 1561 896 1592 ut
914 1560 1050 1606 pergat
1074 1552 1116 1591 in
1135 1550 1281 1590 tuenda

148 1605 356 1657 republica.

202 1713 292 1753 Etsi
310 1715 401 1754 satis
415 1729 464 1755 ex
475 1717 623 1756 Furnio
636 1726 766 1757 nostro
785 1718 1007 1770 cognoram,
1023 1731 1112 1770 quae
1130 1724 1198 1755 tua
1216 1729 1282 1755 vo-

149 1767 295 1816 luntas,
317 1770 423 1821 quod
441 1773 646 1811 consilium
665 1773 712 1811 de
740 1786 782 1812 re
799 1773 957 1825 publica
982 1781 1105 1818 essem
1135 1781 1282 1818 tamen,

149 1823 227 1862 tuis
244 1823 366 1863 literis
384 1825 506 1875 lectis,
522 1827 708 1879 liquidius
727 1827 775 1866 de
794 1835 875 1867 toto
886 1840 999 1867 sensu
1018 1835 1086 1865 tuo
1102 1825 1284 1877 judicavi.

151 1876 438 1929 Quamobrem,
469 1895 709 1933 quamquam
736 1882 778 1920 in
805 1894 885 1921 uno
909 1881 1044 1934 proelio
1064 1880 1190 1920 omnis
1208 1879 1287 1918 for-

151 1938 248 1972 tuna
279 1933 501 1986 reipublicae
520 1936 720 1988 disceptat,
750 1936 855 1989 quod
877 1937 1050 1988 quidem,
1083 1947 1172 1974 cum
1201 1934 1285 1972 haec

150 1986 313 2039 legeres,
340 1990 425 2039 jam
455 1990 652 2030 decretum
681 1991 894 2030 arbitrabar
911 1991 1014 2037 fore;
1044 1998 1174 2028 tamen
1199 1988 1286 2040 ipsa

153 2039 275 2092 fama,
295 2057 384 2095 quae
403 2043 451 2085 de
469 2046 539 2084 tua
556 2046 755 2085 voluntate
772 2045 1021 2098 percrebruit,
1041 2055 1226 2096 magnam
1245 2054 1285 2081 ee

150 2094 310 2136 laudem
321 2108 560 2140 consecutus.
605 2100 760 2153 Itaque,
788 2100 820 2140 si
838 2100 1037 2140 consulem
1056 2098 1196 2138 Romae
1212 2097 1284 2158 ha-

151 2148 388 2202 buissemus,
423 2153 662 2195 declaratum
691 2162 788 2195 esset
819 2156 869 2194 ab
899 2160 1049 2202 senatu,
1086 2165 1177 2192 cum
1209 2158 1287 2191 tuis

149 2206 304 2258 magnis
338 2208 565 2260 honoribus,
595 2222 715 2263 quam
746 2217 880 2262 gratus
917 2217 1016 2250 esset
1051 2215 1210 2248 conatus
1248 2214 1287 2246 et
