1501 2407
368 111 452 152 AD
482 109 785 152 DIVERSOS.
814 110 917 149 Lm.
939 110 992 150 V.
1023 111 1060 149 8.
1206 111 1275 150 121

146 219 307 273 disjecta
329 220 430 260 nihil
457 220 656 273 gratulari,
686 222 921 274 exprobrat:
957 219 1127 260 amicum
1151 227 1282 260 tamen

142 276 179 316 ei
196 290 237 317 se
253 277 335 316 fore
351 276 586 329 pollicetur.)

198 386 242 426 Si
269 393 315 426 tu
340 385 605 438 exercitusque
633 386 783 435 valetis,
815 387 913 424 bene
945 388 1026 425 es'tz
1058 399 1129 438 ego
1156 385 1277 425 valeo.

142 440 209 481 Ex
227 441 347 480 literis
365 441 456 489 tuis,
478 454 574 492 quas
599 441 754 492 publice
779 440 932 489 misisti,
957 441 1054 492 cepi,
1082 441 1162 480 una
1187 453 1279 479 cum

139 496 336 544 omnibus,
369 495 635 534 incredibilem
664 496 916 547 voluptatem.
958 496 1132 534 Tantam
1171 496 1276 534 enim

140 564 254 604 spem
275 551 343 590 otii
362 549 572 597 ostendisti,
594 558 783 602 quantam
810 563 880 601 ego
906 563 1056 602 semper
1078 550 1276 599 omnibus,

139 613 179 645 te
196 618 276 645 uno
293 605 428 655 fretus,
454 605 675 657 pollicebar.
711 605 788 644 Sed
806 605 879 643 hoc
898 604 1005 654 scito,
1026 613 1113 644 tuos
1132 613 1276 644 veteres

139 660 282 710 hostes,
312 673 431 699 novos
459 660 616 708 amicos,
645 659 892 698 vehementer
919 659 1038 698 literis
1065 660 1274 712 perculsos,

139 723 258 769 atque
276 729 325 754 ex
342 714 489 767 magna
512 727 590 776 spe
604 713 839 762 deturbatos,
863 715 1003 776 jacere3
1033 715 1103 753 Ad
1120 728 1185 753 me
1203 728 1274 752 au-

139 780 219 811 tem
237 771 364 809 literas
383 783 480 822 quas
504 768 657 818 misisti,
678 782 919 822 quamquam
943 769 1126 820 exiguam
1153 769 1273 821 signi-

137 825 356 866 ficationem
376 832 454 863 tuae
475 837 566 875 erga
590 837 631 862 m
634 837 654 862 e
673 824 882 862 voluntatis
906 824 1114 873 habebant,
1140 832 1271 863 tamen

134 881 234 920 mihi
258 880 352 919 scito
376 879 569 930 jucundas
591 878 721 917 fuisse.
762 879 887 917 Nulla
910 878 1014 916 enim
1037 892 1077 917 re
1097 887 1178 917 tam
1203 879 1273 918 lae-

135 936 209 975 tari
242 935 357 983 soleo,
399 946 520 986 quam
551 946 727 972 meorum
762 928 975 972 officiorum
1012 934 1268 972 conscientia.

133 991 277 1044 quibus
296 989 327 1028 si
352 988 508 1041 quando
533 1000 611 1026 non
637 996 775 1026 mutue
796 988 1061 1040 respondetur,
1083 989 1188 1040 apud
1203 1002 1271 1028 me

132 1047 222 1099 plus
247 1044 362 1082 officii
389 1043 553 1082 residere
581 1042 764 1081 facillime
789 1043 924 1094 patior.
966 1043 1073 1080 Illud
1096 1055 1174 1081 non
1194 1043 1268 1081 du-

132 1101 227 1148 bito,
255 1099 365 1151 quin,
387 1098 419 1136 si
443 1105 481 1136 te
505 1110 594 1136 mea
618 1110 772 1135 summa
798 1111 888 1149 erga
913 1104 951 1136 te
979 1097 1106 1135 studia
1125 1111 1266 1149 parum

129 1155 229 1194 mihi
248 1152 509 1204 adjunxerint,
526 1165 585 1190 res
612 1152 770 1203 publica
787 1164 857 1191 nos
879 1160 978 1190 11101
1000 1165 1070 1191 nos
1089 1153 1268 1192 concilia-

127 1223 217 1274 tura
235 1209 566 1270 conjuncturaque
584 1206 643 1244 sit.

151 1266 257 1313 'Ac,
278 1275 327 1301 ne
351 1263 516 1314 ignores,
544 1261 640 1314 quid
663 1274 733 1312 ego
756 1261 797 1299 in
825 1262 902 1300 tuis
931 1262 1051 1300 literis
1073 1261 1266 1302 desidera-

126 1320 216 1369 rim,
238 1318 402 1357 scribam
427 1324 571 1368 aperte,
593 1316 693 1355 sicut
718 1323 755 1354 et
777 1329 866 1354 mea
888 1325 1039 1364 natura,
1071 1325 1108 1355 et
1134 1325 1264 1356 nostra

126 1373 310 1421 amicitia,
335 1372 516 1424 postulat.
559 1371 639 1410 Res
667 1384 730 1410 eas
758 1371 871 1422 gessi,
899 1384 1067 1424 quarum
1090 1373 1263 1425 aliquam

124 1431 167 1469 in
187 1429 262 1467 tuis
280 1427 414 1474 literis,
435 1433 473 1465 et
497 1434 637 1465 nostrae
660 1426 951 1465 necessitudinis
977 1434 1014 1465 et
1039 1427 1263 1479 reipublicae

123 1498 254 1532 causa,
285 1481 584 1534 gratulationem
611 1481 852 1532 exspectavi:
885 1494 1004 1533 quam
1033 1494 1104 1533 ego
1130 1484 1198 1521 abs
1222 1492 1260 1521 te

122 1537 421 1593 praetermissam
449 1549 528 1575 esse
549 1536 725 1583 arbitror,
747 1536 852 1587 quod
871 1549 1053 1584 vererere,
1078 1549 1126 1575 ne
1146 1538 1259 1586 cujus

121 1594 299 1634 animum
320 1591 541 1630 offenderes.
577 1591 653 1630 Sed
674 1590 783 1639 scito,
811 1604 868 1639 ea,
895 1605 983 1643 quae
1008 1603 1077 1629 nos
1105 1605 1176 1653 pro
1199 1605 1259 1630 sa-

122 1650 204 1688 lute
222 1646 358 1700 patriae
383 1646 586 1697 gessimus,
607 1646 710 1684 orbis
728 1653 839 1684 terrae
861 1646 1007 1696 judicio
1025 1659 1068 1684 ac
1087 1647 1260 1685 testimo-

119 1704 186 1743 nio
213 1701 465 1753 comprobari.
505 1700 622 1749 Quae,
653 1713 743 1739 cum
763 1701 925 1749 veneris,
952 1708 1058 1739 tanto
1085 1701 1258 1751 consilio,

116 1757 305 1818 tantaque
321 1755 441 1794 animi
460 1755 729 1806 magnitudine
742 1769 764 1793 a
781 1768 846 1793 me
873 1765 980 1807 gesta
1003 1769 1081 1795 esse
1101 1769 1260 1807 cognos-

118 1827 195 1861 ceS,
215 1821 261 1851 ut
279 1811 364 1859 tibi,
385 1811 511 1848 multo
533 1810 672 1860 majori
695 1823 814 1862 quam
834 1811 1045 1849 Africanus
1064 1810 1153 1858 fuit,
1174 1823 1254 1859 me,

117 1881 197 1907 non
222 1867 349 1905 multo
372 1865 565 1903 minorem
591 1877 712 1916 quam
733 1865 917 1912 Laelium,
942 1865 1068 1913 facile,
1089 1873 1127 1903 et
1153 1865 1193 1902 in
1213 1879 1255 1904 re

115 1920 286 1976 publica,
307 1928 345 1959 et
362 1920 402 1958 in
416 1919 599 1969 amicitia,
621 1919 850 1970 adjunctum
870 1933 949 1959 esse
966 1919 1125 1973 patiare.
1139 1920 1254 1959 Vale.

115 2092 202 2140 (8.)
223 2086 285 2126 M.
301 2085 354 2125 Τ.
370 2084 417 2125 C.
447 2083 510 2123 M.
527 2083 758 2125 LICINIO
777 2085 825 2126 P.
842 2084 889 2124 F.
903 2083 1121 2124 CRASSO
1142 2084 1182 2124 S.
1195 2084 1251 2124 D.

169 2195 722 2248 (Argumentum—Crasso,
738 2195 780 2234 in
795 2194 948 2247 Syriam
962 2194 1148 2247 profecto,
1158 2193 1249 2241 scri-

42 2250 45 2252 *
111 2255 184 2303 bit,
205 2251 352 2306 quanta
371 2264 463 2290 eum
482 2250 724 2291 contentione
741 2250 980 2294 defenderit;
997 2256 1065 2299 -et,
1091 2261 1250 2293 excusa-

161 2308 330 2360 (Epist.)
360 2316 466 2346 vor..
488 2317 520 2344 1.
928 2316 965 2344 M
