1481 2422
197 106 277 146 294
407 99 490 139 AD
519 97 818 138 DIVERSOS.
848 97 950 137 Lm.
971 97 1026 138 X.
1059 97 1123 135 12.

204 213 361 267 pedient
377 209 536 262 privatae
547 207 787 255 offensiones,
800 206 1023 260 quominus,
1035 220 1105 260 pro
1116 206 1338 260 reipublieae

206 269 344 314 salute,
365 265 482 303 etiam
499 275 590 302 cum
607 262 872 301 inimicissimo
890 263 1137 301 consentiam.
1168 262 1288 311 Quod
1302 262 1335 301 si

208 321 308 361 nihil
326 319 532 372 profecero,
552 316 805 355 nihilominus
822 316 998 356 maximo
1011 328 1099 355 sum
1113 317 1268 355 animo:
1297 323 1336 354 et

210 376 357 425 majore
387 373 544 411 fortasse
573 383 663 410 cum
694 371 783 409 mea
813 370 935 422 gloria
957 371 1064 410 vobis
1092 370 1338 410 satisfaciam.

214 430 296 469 Fac
314 428 454 477 valeas,
473 439 614 478 meque
634 432 773 464 mutuo
791 425 941 476 diligas.

395 561 399 564 ῃ
453 594 573 647 (12.)
602 593 816 633 CICERO
845 593 1095 634 PLANCO.

270 706 665 756 (Argumentum.-
681 704 820 743 Gratas
857 704 1007 743 senatui
1040 703 1177 744 Planci
1211 699 1341 744 literas

211 760 343 807 fuisse,
375 768 412 799 et
444 773 532 812 quae
560 761 642 809 ejus
665 759 777 798 causa
806 759 846 797 in
873 767 1007 807 senatu
1035 766 1119 798 acta
1145 759 1234 809 sint,
1265 759 1342 811 sig-

214 815 369 919 nificat);
400 822 438 854 et
466 814 515 853 ad
538 813 778 852 liberandam
800 826 923 865 remp.
944 813 1234 870 diligentissime
1250 813 1341 852 hor-

218 876 332 908 tatur.

271 977 358 1017 Etsi
375 977 595 1029 reipublicae
614 977 727 1015 causa
746 977 917 1016 maxime
927 977 1094 1030 gaudere
1108 977 1242 1027 debeo,
1255 985 1347 1017 tan-

219 1039 305 1071 tum
330 1033 365 1071 ei
389 1040 425 1070 te
449 1032 629 1084 praesidii,
656 1039 810 1070 tantum
837 1033 934 1084 opis,
968 1033 1139 1072 attulisse
1164 1033 1345 1072 extremis

218 1099 329 1139 paene
356 1086 619 1138 temporibus,
649 1093 778 1124 tamen
804 1086 859 1125 ita
879 1095 918 1126 te
945 1087 1126 1126 victorem
1154 1088 1345 1140 complec-

219 1150 292 1188 tar,
320 1139 514 1193 republica
539 1141 774 1193 recuperata,
801 1148 846 1179 ut
867 1154 1050 1193 magnam
1073 1149 1224 1194 partem
1248 1142 1347 1180 mihi

218 1195 361 1234 laetitiae
391 1203 458 1233 tua
488 1195 653 1246 dignitas
686 1195 832 1243 afferat,
864 1209 982 1248 quam
1013 1203 1051 1234 et
1080 1209 1162 1235 esse
1185 1198 1283 1246 jam,
1311 1208 1348 1236 et

220 1250 408 1298 futuram,
434 1250 714 1301 amplissimam
743 1250 926 1302 intelligo.
958 1251 1062 1289 Cave
1087 1251 1190 1289 enim
1217 1259 1347 1304 putes,

219 1305 320 1342 ullas
339 1317 514 1356 unquam
533 1305 660 1342 literas
679 1305 883 1356 graxiores,
903 1318 1022 1357 quam
1043 1313 1141 1352 tuas,
1155 1305 1196 1344 in
1215 1313 1349 1344 senatu

223 1372 302 1397 esse
333 1359 515 1397 recitatas.
548 1359 673 1410 quue
699 1359 871 1410 contigit,
902 1373 991 1398 cum
1016 1360 1242 1399 meritorum
1262 1371 1349 1399 tuo-

223 1426 312 1451 rum
331 1413 371 1451 in
394 1413 675 1465 rempublicam
703 1413 847 1452 eximiii
871 1414 1041 1466 quadam
1066 1414 1349 1466 magnitudine,

223 1474 310 1505 tum
329 1469 534 1506 verborum
547 1468 899 1520 sententiarumque
910 1468 1108 1520 gravitate.
1139 1468 1259 1517 Quod
1275 1469 1350 1506 mi-

223 1521 265 1559 hi
285 1522 442 1572 quidem
461 1522 622 1560 minime
641 1534 800 1570 novum,
822 1523 890 1574 qui
909 1531 947 1561 et
966 1531 1002 1561 te
1020 1525 1188 1572 nossem,
1208 1531 1246 1562 et
1265 1531 1352 1562 tua-

223 1589 313 1614 rum
332 1576 530 1614 literarum
558 1576 607 1615 ad
632 1589 696 1614 me
716 1577 922 1615 missarum
943 1578 1131 1629 promissa
1154 1577 1353 1616 meminis-

225 1643 320 1677 sem,
341 1639 379 1669 et
392 1631 583 1669 haberem
607 1644 629 1669 a
647 1631 795 1669 Furnio
818 1639 946 1670 nostro
968 1639 1036 1670 tua
1057 1632 1211 1684 penitus
1230 1633 1352 1671 consi-

225 1684 280 1722 lia
311 1685 474 1736 cognita.
523 1685 598 1723 Sed
629 1685 776 1724 senatui
804 1687 953 1736 majora
985 1686 1066 1724 visa
1095 1693 1199 1733 sunt,
1231 1700 1353 1738 quam

227 1748 335 1777 erant
363 1747 607 1790 exspectata3
637 1752 714 1778 non
743 1753 821 1792 quo
849 1753 1024 1792 unquam
1053 1740 1100 1779 de
1127 1740 1196 1779 tua
1213 1741 1352 1780 volun-

226 1800 304 1831 tate
323 1793 533 1832 dubitasset
549 1808 561 1839 ;
592 1794 656 1832 sed
671 1807 754 1841 nec,
771 1802 962 1846 quantum
977 1795 1099 1833 facere
1117 1808 1262 1847 posses,
1281 1808 1353 1835 nec

227 1847 355 1900 quoad
373 1848 550 1900 progredi
569 1849 698 1895 velles,
720 1849 961 1901 exploratum
982 1849 1072 1888 satis
1089 1849 1268 1889 habebat.

278 1902 432 1954 Itaque,
449 1915 538 1941 cum
562 1916 595 1940 a.
617 1903 655 1941 d.
686 1903 774 1941 VII
805 1903 901 1942 Idus
919 1903 1090 1955 Apriles,
1119 1917 1234 1943 mane
1256 1905 1356 1943 mihi

227 1963 313 1995 tuas
341 1957 468 1995 literas
497 1957 558 1995 M.
581 1957 796 1996 Varisidius
818 1957 1056 2006 reddidisset,
1084 1971 1223 2010 easque
1240 1959 1372 2010 legis-'

228 2024 323 2058 sem,
344 2010 558 2050 incredibili
577 2012 718 2063 gaudio
738 2025 826 2050 sum
846 2013 968 2051 elatus
985 2027 995 2050 ε
1026 2025 1193 2064 cumque
1210 2025 1355 2065 magna

226 2065 438 2104 multitudo
465 2066 701 2117 optimorum
720 2067 890 2105 virorum
919 2074 957 2106 et
983 2067 1126 2106 civium
1147 2070 1220 2107 me
1239 2067 1356 2106 domo

227 2119 443 2169 deduceret,
474 2120 545 2159 feci
573 2121 753 2160 continuo
778 2133 911 2160 omnes
939 2121 1141 2174 participes
1165 2133 1263 2168 meae
1288 2134 1355 2161 vo-

227 2174 397 2226 luptatis.

282 2229 446 2269 Interim
465 2230 515 2269 ad
534 2242 598 2269 me
616 2230 721 2271 venit
747 2229 953 2270 Munatius
971 2237 1112 2280 noster,
1133 2236 1177 2269 ut
1195 2231 1360 2271 consue-
