1501 2407
243 113 322 151 154
449 113 533 153 AD
560 113 857 154 DIVERSOS.
886 114 987 153 Lm.
1013 112 1094 154 vl.
1122 114 1159 154 4.

293 221 413 271 Novi,
433 223 537 274 quod
556 222 606 261 ad
619 230 656 262 te
675 222 890 284 scriberem,
910 222 1009 262 nihil
1027 228 1127 261 erat·
1157 228 1197 261 et
1213 228 1358 269 tamen,

238 274 272 313 si
289 276 385 327 quid
402 284 511 324 esset,
532 277 698 315 sciebam
716 285 753 316 te
771 291 794 316 a
811 278 888 316 tuis
906 276 1102 316 certiorem
1120 276 1204 315 fieri
1226 276 1357 314 solere.

238 329 304 368 De
320 329 459 369 futuris
477 339 606 370 autem
617 333 730 370 rebus
743 331 814 370 etsi
824 344 973 382 semper
984 330 1137 368 difficile
1150 337 1206 369 est
1219 329 1357 377 dicere,

240 390 371 423 tamen
399 385 593 423 interdum
619 386 834 435 conjectura
855 385 975 437 possis
992 384 1150 437 propius
1168 384 1356 430 accedere,

239 450 331 477 cum
351 446 406 477 est
424 452 483 478 res
502 439 704 491 ejusmodi,
725 441 835 489 cujus
853 440 979 478 exitus
1007 438 1197 490 provideri
1223 437 1355 489 possit.

239 491 282 530 N
284 505 359 532 unc
369 500 522 532 tantum
533 494 707 532 videmur
724 493 934 545 intelligere
951 505 1028 532 non
1040 492 1267 530 diuturnum
1274 491 1356 530 bel-

240 545 351 593 1um3
382 548 452 586 etsi
470 548 510 586 id
529 547 658 599 ipsum
682 548 878 586 nonnullis
896 547 1070 586 videatur
1088 559 1205 585 secus.
1233 545 1359 597 Equi·

239 600 345 650 dem,
366 614 456 640 cum
473 602 555 640 haec
574 602 797 649 scribebam,
818 601 965 653 aliquid
988 602 1070 651 jam
1096 608 1224 639 actum
1243 607 1358 652 puta-

241 655 357 693 bam:
387 668 464 694 non
483 669 560 707 quo
581 654 671 706 [ego
690 661 791 694 certo
810 657 984 708 scirem,]
1006 655 1072 694 sed
1090 654 1193 706 quod
1210 653 1356 706 [haud]

239 708 404 748 difficilis
416 718 494 748 erat
508 711 734 760 conjectura.
763 710 886 758 Nam,
902 722 991 748 cum
1006 709 1130 748 omnis
1143 709 1235 747 belli
1246 709 1357 747 Mars

239 764 469 812 communis,
491 772 528 802 et
546 776 635 802 cum
665 776 812 815 semper
829 763 962 802 incerti
986 763 1111 802 exitus
1138 762 1359 814 proeliorum

238 816 342 863 sint,
331 830 341 840 ·
372 825 457 856 tum
482 817 554 856 hoc
580 826 751 870 tempore
773 818 827 856 ita
843 830 995 868 magnae
1012 817 1207 868 utrimque
1225 815 1356 867 copiae,

238 870 295 909 ita
311 879 453 922 paratae
470 872 519 910 ad
527 871 853 933 depugnandum,
874 885 952 910 esse
969 871 1162 919 dicuntur,
1182 877 1240 918 ut,
1256 877 1360 909 uter·

240 936 408 987 cumque
426 926 569 975 vicerit,
589 939 666 965 non
687 927 735 965 sit
752 926 896 963 mirum
914 926 1105 964 futurum.

295 979 400 1018 Ina
389 992 428 1017 m
449 980 528 1019 dies
546 980 715 1032 singulos
733 979 856 1031 magis
873 980 1073 1032 magisque
1090 978 1218 1031 opinio
1236 977 1363 1017 homi-

237 1045 336 1071 num
351 1034 608 1083 confirmatur,
630 1034 779 1073 etiamsi
797 1034 895 1072 inter
913 1047 1043 1072 causas
1068 1045 1263 1072 armorum
1290 1032 1362 1071 ali-

240 1095 431 1139 quantum
449 1088 610 1135 intersit,
631 1096 761 1127 tamen
785 1088 884 1126 inter
902 1088 1075 1127 victorias
1093 1100 1170 1126 non
1189 1088 1359 1126 multum

239 1141 526 1181 interfuturum.
555 1144 711 1182 Alteros
729 1142 1008 1195 propemodum
1033 1143 1116 1192 jam
1142 1154 1277 1180 sumus
1295 1154 1363 1180 ex-

239 1196 362 1247 perti:
393 1197 441 1235 de
469 1198 601 1247 altero,
633 1210 747 1236 nemo
779 1204 849 1246 est,
883 1197 979 1249 quin
997 1197 1149 1249 cogitet,
1175 1208 1295 1248 quam
1314 1195 1363 1235 sit

239 1251 470 1290 metuendus
488 1252 607 1290 iratus
625 1252 744 1290 victor
761 1258 942 1290 annatus.

296 1305 386 1344 Hoc
406 1306 489 1345 loco
515 1306 545 1345 si
568 1306 696 1345 videor
724 1319 862 1357 augere
886 1305 1057 1344 dolorem
1084 1311 1213 1353 tuum,
1244 1317 1361 1357 quem

238 1360 470 1398 consolando
499 1361 625 1399 levare
651 1361 826 1408 debeam,
856 1359 977 1398 fateor
1003 1372 1068 1398 me
1095 1359 1361 1399 communium

240 1413 434 1452 malorum
453 1415 748 1453 consolationem
766 1415 915 1453 nullam
939 1413 1122 1463 invenire,
1152 1419 1290 1465 praeter
1313 1413 1362 1451 il-

240 1466 336 1517 lam,
366 1482 453 1520 quae
482 1477 625 1517 tamen,
647 1469 679 1508 si
706 1468 828 1520 possis
860 1481 943 1506 eam
963 1468 1164 1519 suscipere,
1190 1467 1364 1505 maxima

242 1528 312 1570 est,
333 1523 488 1574 quaque
507 1537 576 1574 ego
607 1523 776 1575 quotidie
802 1523 924 1574 magis
953 1530 1065 1568 utor;
1094 1521 1361 1560 conscientiam

238 1583 353 1614 rectae
367 1577 586 1626 voluntatis,
603 1578 817 1616 maximam
833 1576 1127 1615 consolationem
1139 1588 1219 1615 esse
1231 1588 1361 1614 rerum

240 1628 598 1677 incommodarum3
627 1644 697 1669 nec
727 1644 806 1669 esse
832 1631 959 1669 ullum
983 1641 1171 1681 magnum
1196 1630 1361 1678 malum,

241 1691 379 1736 praeter
390 1686 555 1736 culpam.
568 1687 610 1723 A
623 1686 700 1737 qua
714 1698 803 1724 cum
818 1693 970 1723 tantum
983 1686 1180 1731 absumus,
1188 1691 1234 1722 ut
1246 1683 1363 1722 etiam

241 1739 385 1790 optime
403 1740 644 1788 senserimus,
666 1748 898 1791 eventusque
921 1738 1045 1789 magis
1063 1739 1181 1776 nostri
1199 1737 1360 1783 consilii,

241 1806 361 1844 quam
393 1794 607 1842 consilium,
645 1793 969 1845 reprehendatur3
1000 1800 1037 1830 et
1066 1805 1155 1831 cum
1184 1791 1362 1843 praestiti-

241 1859 345 1896 mus,
365 1848 470 1900 quod
494 1848 724 1894 debuimus;
752 1847 958 1896 moderate,
979 1846 1083 1898 quod
1105 1847 1242 1895 evenit,
1262 1845 1361 1885 fera-

239 1913 339 1939 mus.

295 1955 371 1994 Sed
389 1955 461 1995 hoc
480 1955 576 1994 mihi
594 1962 724 1994 tamen
741 1968 819 1994 non
847 1967 972 2004 sumo,
996 1962 1042 1993 ut
1070 1961 1108 1994 te
1125 1954 1293 1994 consoler
1311 1954 1360 1993 de

240 2011 511 2048 communibus
529 2010 704 2058 miseriis,
721 2024 821 2062 quae,
836 2010 884 2048 ad
895 2009 1183 2058 consolandum,
1203 2009 1361 2059 majoris

239 2062 398 2115 ingenii,
415 2073 452 2102 et
470 2064 519 2102 ad.
537 2064 751 2112 ferendum,
768 2064 970 2116 singularis
988 2063 1151 2125 virtutis,
1171 2062 1358 2114 indigent.

242 2117 351 2157 Illud
368 2118 486 2158 cuivis
505 2119 615 2158 facile
633 2125 689 2158 est
706 2119 852 2180 docere,
872 2131 938 2157 cur
961 2118 1152 2179 praecipue
1171 2124 1213 2155 tu
1231 2117 1358 2156 dolere

241 2171 339 2212 nihil
368 2172 519 2212 debeas
543 2173 645 2223 Ejus,
669 2172 788 2221 enim,
822 2172 892 2225 qui
920 2172 1093 2211 tardior
1083 2183 1123 2210 111
1142 2179 1180 2210 10
1197 2171 1361 2211 levando

237 2225 327 2276 fuit,
341 2240 459 2279 quam
473 2227 554 2267 fore
570 2234 807 2280 putaremus,
823 2239 900 2266 non
919 2233 975 2265 est
988 2225 1085 2265 mihi
1103 2225 1221 2266 dubia
1231 2224 1279 2265 de
1291 2225 1359 2264 tua
