1501 2407
244 86 324 124 226
423 85 507 125 AD
532 86 830 127 DIVERSOS.
859 87 958 127 1⁴18.
979 84 1101 125 V111.
1130 86 1168 123 8.

244 205 293 231 ne
311 193 416 233 hunc
433 194 553 233 risum
579 207 712 234 meum
729 203 855 234 metus
873 194 1012 246 aliquis
1031 194 1239 246 perturbet.
1264 192 1361 232 Bre-

245 247 366 285 viores
384 248 453 286 has
469 249 598 288 literas
616 249 835 301 properanti
852 249 1147 301 publicanorum
1165 247 1362 286 tabellario

243 301 370 339 subito
389 302 500 341 dedi:
530 311 598 342 tuo
621 303 758 342 liberto
776 303 953 355 pluribus
970 302 1093 341 verbis
1111 301 1266 352 scriptas
1283 301 1364 352 pri-

244 355 306 393 die
324 355 515 395 dederam.
545 358 624 396 Res
636 364 766 396 autem
780 370 888 396 novae
899 357 1017 395 nullae
1030 369 1120 394 sane
1130 355 1362 403 acciderunt,

244 409 318 447 nisi
346 409 428 448 haec
455 411 512 449 vis
541 411 612 449 tibi
641 411 766 458 scribi,
794 425 881 463 quae
911 419 1009 450 certe
1037 410 1106 448 vis.
1136 408 1363 448 Cornificius
1439 436 1443 440 -

245 463 462 503 adolescens
477 465 668 504 Orestillae
682 465 803 503 filiam
815 465 886 503 sibi
901 463 1111 516 despondit.
1143 463 1268 502 Paula
1281 463 1364 502 Va-

243 517 350 566 leria,
371 531 474 557 soror
492 519 648 566 Triarii,
664 519 871 557 divortium
890 519 971 557 sine
988 518 1116 565 631133,
1136 530 1214 569 (1110
1231 517 1293 556 (116
1307 516 1365 555 vir

246 585 267 612 e
294 572 490 623 provincia
523 581 705 611 venturus
736 582 828 622 erat,
862 573 962 611 fecit.
1003 573 1189 624 Nuptura
1221 578 1277 610 aet
1307 570 1362 609 D.

246 625 396 664 Bruto:
429 626 603 664 nondum
621 627 812 666 retulerat.

300 679 434 718 Multa
451 681 492 718 in
510 681 582 719 hoc
600 694 737 732 genere
754 680 1005 728 incredibilia,
1024 686 1063 718 te
1080 681 1249 728 absente,
1269 692 1348 718 3661

246 733 396 772 derunt.
437 734 590 773 Servius
610 735 746 773 Ocella
770 734 915 773 nemini
939 733 1182 786 persuasisset
1207 746 1246 772 se
1269 746 1365 772 moe-

247 788 366 826 chum
377 801 469 836 esse,
481 788 555 826 nisi
572 789 696 827 triduo
710 789 768 828 bis
787 788 1042 840 deprehensus
1061 796 1169 827 esset.
1190 787 1365 836 Quaeres,

247 841 349 880 ubi?
379 842 447 880 ubi
467 843 664 889 (hercule)
688 856 758 895 ego
786 843 948 882 minime
977 843 1128 881 vellem.
1168 842 1366 893 Relinquo

246 895 331 943 tibi,
367 895 471 956 quod
500 898 548 935 ab
577 897 661 935 aliis
698 911 870 949 quaeras:
900 909 1025 948 neque
1061 896 1165 935 enim
1193 895 1369 947 displicet

247 949 358 997 mihi,
378 950 648 1001 imperatorem
667 951 837 1002 singulos
863 949 1089 1004 percontari,
1113 963 1203 990 cum
1220 950 1300 1003 qua
1317 948 1367 988 sit

247 1003 386 1056 aliquis
404 1004 672 1056 deprehensus.
701 1006 815 1045 Vale.

316 1163 404 1215 (8.)
435 1164 497 1204 M.
529 1164 754 1206 COELIUS
781 1165 844 1205 Μ.
873 1164 1155 1206 CICERONI
1183 1165 1224 1205 S.
1239 1164 1293 1204 D.

303 1273 628 1323 (Argumentum.
640 1299 696 1307 —
706 1273 826 1313 Varia
844 1274 892 1313 de
906 1273 1074 1324 judiciis,
1093 1272 1231 1312 deinde
1248 1273 1297 1313 de
1307 1286 1374 1314 se-.

249 1329 568 1377 natus-consulto,
589 1335 627 1367 et
640 1328 688 1367 de
707 1328 784 1368 suis
802 1328 958 1367 tandem
977 1330 1107 1377 rebus,
1127 1327 1289 1376 scribit.)

301 1435 403 1483 Etsi,
423 1435 471 1475 de
489 1449 529 1474 re
546 1436 703 1488 publica
733 1450 820 1488 quae
845 1436 916 1476 tibi
934 1435 1110 1484 scribam,
1130 1435 1280 1482 habe03
1309 1446 1369 1475 ta-

248 1501 339 1527 men
357 1490 470 1538 nihil,
500 1491 604 1542 quod
622 1490 745 1542 magis
764 1491 985 1542 gavisurum
1004 1498 1042 1528 te
1058 1497 1207 1542 putem,
1229 1490 1367 1539 habeo,

247 1556 364 1594 quarn
386 1544 469 1582 hoc.
499 1545 615 1591 Scito,
636 1544 681 1583 C.
710 1545 981 1596 Sempronium
1000 1543 1169 1592 Rufum,
1196 1544 1366 1594 Rufum,

247 1598 327 1635 mel
345 1611 388 1636 ac
407 1598 558 1636 delicias
577 1606 675 1647 tuas,
696 1599 928 1636 calumniam
947 1598 1120 1636 maximo
1145 1598 1287 1649 plausu
1305 1606 1372 1638 tu-

247 1650 348 1689 lisse.
378 1650 545 1699 Quaeris,
567 1653 646 1703 qua
663 1652 704 1689 in
724 1652 838 1691 631133
852 1655 869 1690 Ρ
899 1652 961 1690 M.
982 1651 1189 1700 Tuccium,
1213 1665 1369 1691 accusa-

246 1711 369 1743 torem
388 1719 516 1752 suum,
544 1714 630 1757 post
648 1705 759 1745 ludos
778 1707 989 1753 Romanos,
1010 1719 1120 1744 reum
1137 1707 1222 1757 lege
1241 1706 1370 1745 Plotia

247 1758 295 1796 de
314 1759 352 1797 vi
371 1759 472 1807 fecit,
493 1760 567 1798 hoc
585 1760 754 1807 consssio,
783 1761 887 1812 quod
905 1760 1071 1807 videbat,
1102 1760 1135 1798 si
1160 1760 1370 1799 extraordi-

247 1812 378 1851 narius
397 1826 484 1851 reus
503 1826 616 1852 nemo
636 1813 862 1862 accessisset,
882 1814 954 1853 sibi
983 1814 1056 1852 hoc
1084 1826 1185 1852 anno
1213 1827 1368 1853 causam

248 1879 328 1905 esse
346 1867 558 1906 dicendam.
587 1868 767 1906 Dubium
784 1881 898 1920 porro
915 1867 974 1906 illi
991 1880 1068 1906 non
1088 1875 1180 1914 erat,
1201 1868 1296 1919 quid
1306 1868 1370 1907 fu-

247 1927 382 1959 turum
409 1929 517 1960 esset.
560 1922 721 1960 Nemini
737 1922 810 1961 hoc
828 1922 973 1960 deferre
990 1922 1268 1960 munusculum
1285 1935 1370 1961 ma-

247 1973 336 2022 luit,
357 1989 476 2026 quam
495 1988 564 2014 suo
582 1976 799 2014 accusatori.
830 1976 970 2028 Itaque
982 1976 1063 2015 sine
1084 1976 1165 2014 ullo
1177 1976 1371 2028 subscrip-

249 2034 331 2067 tore
348 2029 554 2077 descendit,
571 2037 608 2068 et
626 2030 820 2069 Tuccium
837 2043 947 2069 reum
965 2030 1066 2069 fecit.

302 2082 363 2121 At
381 2096 465 2135 ego,
486 2083 603 2122 31111111
620 2092 736 2136 atque
753 2084 897 2133 audivi,
916 2084 1114 2123 invocatus
1127 2083 1177 2123 ad
1190 2083 1370 2123 subsellia

249 2135 304 2175 rei
322 2149 500 2176 occurro:
530 2150 671 2189 surgo,
701 2151 826 2190 neque
843 2139 1006 2178 verbum
1029 2138 1078 2177 de
1101 2151 1142 2177 re
1159 2137 1372 2177 13610310-

251 2196 338 2230 tum
367 2192 640 2244 Sempronium
670 2205 793 2244 usque
817 2205 862 2232 eo
890 2204 1047 2244 perago,
1079 2199 1125 2231 ut
1146 2191 1374 2232 Voetorium
