1481 2422
330 117 413 156 AD
443 117 740 159 DIVERSOS.
772 119 991 158 L1B.X11.
1022 121 1087 159 29.
1192 119 1273 158 393

202 224 404 265 Assentior
425 226 511 274 tibi,
535 239 614 274 003,
638 239 734 278 quos
762 227 892 266 scribis
917 227 1093 279 Lilybaeo
1122 225 1276 274 minari,

150 278 237 318 istic
258 293 389 332 poenas
416 279 508 319 dare
535 280 736 319 debuisse.
767 282 833 320 sed
854 280 1209 342 0101111311,111.313,
1229 292 1280 319 ne

151 334 266 372 nimis
284 334 405 373 liber
394 347 435 373 m
454 334 669 373 ulciscendo
684 335 862 374 viderere.
893 335 1071 374 Metuisti
1088 344 1221 386 igitur,
1231 347 1281 372 ne

150 388 276 439 gravis
295 388 401 436 civis,
421 401 470 427 ne
488 389 604 427 11111113
624 389 746 438 fortis,
772 402 821 428 ne
843 388 958 427 nimis
983 397 1021 427 te
1040 389 1195 440 dignus,
1221 388 1280 426 vi-

150 442 292 481 derere.
321 442 441 491 Quod
460 443 676 482 societatem
688 443 906 496 reipublicae
925 443 1190 482 conservandae
1209 442 1280 481 tibi

150 508 306 534 mecum
324 511 347 535 a
365 504 473 550 patre
491 505 687 550 acceptam
705 511 877 546 renovas,
905 506 1060 549 gratum
1079 504 1162 535 est·
1192 502 1281 548 quae

151 549 307 589 societas
343 551 442 589 inter
476 564 547 590 nos
579 564 744 604 semper,
777 552 834 590 mi
867 551 1060 599 Cornifici,
1094 551 1281 589 manebit.

153 604 322 643 Gratum
349 605 465 644 etiam
491 605 603 654 illud,
630 607 735 658 quod
757 605 855 645 mihi
878 613 946 644 tuo
964 605 1120 644 nomine
1138 605 1236 657 grati
1238 618 1279 643 as

153 659 320 710 agendas
350 672 429 698 non
457 666 596 711 putas:
636 673 705 699 nec
737 660 841 699 enim
869 660 909 698 id
939 660 1038 698 inter
1063 672 1132 698 nos
1157 659 1282 697 facere

152 713 349 752 debemus.
386 715 550 753 Senatus
573 715 712 766 saepius
730 728 800 766 pro
819 713 1004 766 dignitate
1022 713 1092 752 tua
1109 713 1281 765 appella·

153 777 273 817 retur,
305 768 350 816 si,
383 768 605 807 absentibus
633 769 867 818 consulibus,
895 781 1092 821 unquam,
1123 767 1197 805 nisi
1234 766 1284 805 ad

153 833 235 859 rem
269 834 424 869 novam,
464 830 671 873 cogeretur.
719 823 858 875 Itaque
893 835 963 861 nec
995 822 1043 861 de
1081 822 1154 861 HS
1182 820 1282 869 XX,

155 887 227 914 nec
245 875 293 915 de
312 876 385 916 HS
411 876 538 925 DCC,
568 877 782 929 quidquam
805 877 868 929 agi
892 889 997 915 nunc
1020 889 1089 928 per
1108 883 1285 914 senatum

154 937 291 981 potest.
322 931 416 969 Tibi
434 938 565 970 autem
579 944 627 970 ex
641 935 809 970 senatus·
811 932 984 970 consulto
997 930 1283 982 imperandum,

157 992 421 1037 mutuumque
438 985 688 1034 sumendum,
713 998 856 1025 censeo.

212 1039 263 1077 In
281 1053 323 1078 re
339 1039 497 1091 publica
509 1039 604 1101 quid
623 1048 773 1091 agatur,
794 1040 905 1079 credo
923 1047 961 1079 te
980 1053 1028 1079 ex
1047 1052 1180 1078 eorum
1197 1038 1286 1077 lite-

156 1092 209 1132 ris
239 1106 474 1145 cognoscere,
508 1094 577 1146 qui
606 1094 657 1132 ad
689 1101 727 1133 te
744 1095 848 1134 Acta
876 1094 1015 1133 debent
1039 1093 1284 1145 perscribere.

156 1147 246 1199 Ego
268 1161 356 1187 sum
386 1161 455 1199 spe
476 1148 602 1187 bona:
633 1149 804 1197 consilio,
833 1162 939 1197 cura,
963 1149 1092 1187 labore
1113 1160 1192 1186 non
1218 1146 1285 1185 de-

159 1214 274 1240 sum·
263 1230 274 1240 .
304 1202 484 1240 omnibus
513 1202 678 1242 inimicis
707 1203 928 1255 reipublicae
954 1215 1032 1241 esse
1064 1215 1128 1240 me
1149 1201 1289 1240 acerri-

159 1268 273 1294 mum
290 1256 454 1304 hostem,
474 1269 554 1308 prae
572 1269 636 1296 me
654 1257 746 1296 fero.
777 1258 855 1296 Res
874 1270 1000 1308 neque
1017 1269 1121 1295 nunc
1140 1255 1287 1295 difficih·

160 1309 245 1350 loco
264 1310 363 1348 mihi
380 1310 530 1349 videtur
557 1323 663 1358 esse3
694 1319 732 1350 et
755 1311 888 1350 fuisset
905 1310 1102 1359 facillimo,
1123 1309 1155 1349 si
1174 1310 1288 1361 culpa

159 1377 186 1403 3
204 1364 438 1416 quibusdam
455 1364 652 1404 abfuisset.
685 1365 793 1405 Vale.

203 1528 317 1578 (29.)
347 1527 410 1567 Μ.
431 1528 483 1567 Τ.
505 1527 553 1569 C.
583 1528 624 1568 S.
644 1529 691 1568 P.
712 1528 765 1568 D.
795 1528 848 1578 Q.
878 1525 1241 1568 CORNIFICIO.

215 1635 545 1688 (Argumentum.
564 1664 619 1671 —
637 1638 788 1678 Lamiae
824 1637 979 1689 negotia
1015 1636 1286 1676 commendat:

162 1702 253 1783 {um
270 1699 491 1744 suspectum
519 1691 724 1733 Cornificio
749 1700 918 1732 excusat.
939 1691 1070 1730 Hirtio
1096 1698 1134 1730 et
1159 1691 1288 1730 Pans&

202 1751 294 1793 oss.)

217 1853 313 1892 Non
330 1854 447 1894 modo
465 1854 549 1905 tibi,
570 1855 634 1894 cui
657 1855 789 1894 omnia
811 1862 940 1895 nostra
963 1855 1162 1894 notissima
1184 1861 1288 1903 sunt,

163 1907 231 1946 sed
258 1909 455 1948 neminem
483 1910 525 1948 in
549 1910 693 1962 populo
719 1911 900 1949 Romano
925 1910 1086 1949 arbitror
1104 1922 1199 1957 esse,
1228 1908 1292 1947 cui

163 1961 212 2001 sit
228 1961 360 2013 ignota
386 1977 430 2002 ea
455 1963 709 2011 familiaritas,
730 1977 817 2015 quae
839 1964 939 2002 mihi
963 1977 1054 2003 cum
1079 1963 1129 2001 L.
1151 1962 1293 2001 Lamia

164 2022 233 2055 est.
272 2017 433 2056 Etenim
462 2031 604 2070 magno
628 2018 776 2058 theatro
805 2025 973 2071 spectata
997 2025 1052 2057 est
1076 2024 1177 2067 tum,
1201 2029 1292 2055 cum

164 2077 224 2109 est
250 2072 301 2110 ab
329 2072 384 2111 A.
416 2072 584 2111 Gabinio
616 2073 772 2112 consule
800 2074 1004 2124 relegatus,
1039 2071 1144 2124 quod
1175 2071 1295 2110 libere

167 2131 206 2163 et
237 2124 385 2165 fortiter
416 2127 581 2166 salutem
612 2139 742 2166 meam
778 2127 1019 2166 defendisset.
1059 2126 1101 2165 N
1104 2139 1146 2165 ec
1175 2138 1224 2164 ex
1253 2137 1299 2164 eo

167 2191 276 2219 311101·
294 2180 394 2219 inter
425 2193 494 2220 nos
516 2188 629 2220 natus
659 2188 740 2220 est:
771 2181 852 2230 sed,
879 2181 985 2233 quod
1014 2187 1094 2220 erat
1121 2186 1231 2219 vetus
1259 2186 1298 2218 et

165 2246 351 2286 magnus,
375 2242 576 2288 propterea
600 2235 755 2276 nullum
774 2235 992 2288 periculum
1015 2248 1085 2287 pro
1113 2247 1177 2274 me
1195 2233 1301 2274 adire
