1481 2422
306 93 392 133 AD
420 93 720 136 DIVERSOS.
751 93 853 133 Lm.
875 94 999 134 VIII.
1033 95 1095 134 16.
1180 95 1255 134 241

188 203 365 251 Peream,
378 203 412 242 si
429 202 593 242 minima
610 216 725 242 causa
738 210 796 242 est
811 204 1042 255 properandi
1059 203 1132 242 isto
1150 203 1264 252 mihi,

134 258 240 310 quod
257 265 297 298 te
315 258 457 307 videre,
485 265 524 296 et
544 257 677 296 omnia
698 257 837 296 intima
863 258 1046 306 conferre,
1073 258 1258 310 discupio.

134 312 275 352 Habeo
307 319 452 360 autem,
477 324 597 364 quam
627 312 780 350 multa!
825 312 937 350 Hui!
969 325 1112 359 vereor,
1142 311 1265 364 (quod

133 367 230 406 solet
249 366 349 414 fieri)
375 379 437 415 ne,
458 379 548 405 cum
567 373 605 405 te
623 366 766 414 videro,
793 367 925 405 omnia
942 367 1153 405 obliviscar.
1187 365 1264 405 Sed

131 427 264 460 tamen
288 421 486 473 quodnam
509 423 559 459 ob
578 421 699 459 scelus
717 421 789 459 iter
806 421 906 459 mihi
924 421 1179 460 necessarium
1204 433 1265 459 re-

132 482 192 514 tro
213 475 263 515 ad
280 476 408 527 Alpes
433 488 564 514 versus
587 474 750 513 incidit?
787 475 917 524 Adeo,
942 475 1047 527 quod
1074 475 1263 514 Intimelii

130 529 173 568 in
203 530 321 569 armis
353 536 456 577 sunt,
488 541 614 590 neque
636 529 684 567 de
708 530 853 581 magna
883 543 1008 569 causa.
1045 529 1262 578 Bellienus,

131 597 249 623 verna
279 583 486 633 Demetrii,
517 584 585 635 qui
610 583 666 622 ibi
688 597 778 622 cum
801 584 978 636 praesidio
1004 592 1099 632 erat,
1122 583 1265 622 Domi-

130 639 231 678 tium
259 639 485 691 quemdam,
514 637 686 677 nobilem
709 638 788 677 11113
815 639 975 677 Caesaris
1003 638 1264 690 hospitem,a

130 693 320 732 contraria
334 693 497 731 factione
516 693 689 731 nummis
708 694 885 745 acceptis,
906 692 1209 745 comprehendit,
1227 699 1265 731 et

132 748 398 799 strangulavit.
436 746 579 786 Civitas
599 747 649 785 ad
674 760 783 786 arma
805 748 862 786 iit.
901 747 963 786 Eo
989 761 1078 786 cum
1097 754 1265 799 quatuor

132 802 352 841 cohortibus
381 801 480 840 mihi
507 815 576 853 per
601 801 708 840 nives
731 802 904 841 eundum
926 809 995 840 est.
1030 802 1265 853 Usquequa-

133 870 225 908 que,
246 856 411 908 inquies,
426 869 466 894 se
485 855 654 894 Domitii
673 857 775 894 male
794 857 899 895 dant.
930 856 1086 895 Vellem
1106 855 1265 907 quidem

133 911 288 950 Venere
305 919 516 963 prognatus
542 918 696 949 tantum
721 911 843 950 animi
864 911 1062 950 habuisset
1079 911 1120 948 in
1140 917 1265 948 vestro

132 965 324 1014 Domitio,
345 973 538 1017 quantum
552 965 720 1005 Psecade
738 973 852 1005 natus
870 965 912 1004 in
929 965 1003 1005 hoc
1020 964 1169 1005 habuit.
1200 964 1266 1004 Ci-

130 1019 259 1060 ceroni
276 1020 323 1059 F.
344 1021 384 1060 S.
401 1019 456 1058 D.

197 1187 311 1236 (16.)
340 1184 404 1225 Μ.
432 1185 657 1227 COELIUS
687 1186 751 1226 Μ.
778 1186 1064 1227 CICERONI
1091 1187 1132 1227 S.
1149 1187 1204 1226 D.

189 1296 584 1347 (Argumentum.-
598 1297 719 1336 Pulso
743 1309 792 1336 ex
817 1296 933 1335 Italia
956 1295 1158 1348 Pompeio,
1180 1309 1267 1334 sua-

133 1350 200 1390 det
219 1351 393 1391 Ciceroni
409 1351 567 1399 Coelius,
584 1365 633 1391 ne
645 1351 827 1390 afflictam
842 1351 1040 1390 fortunam
1056 1358 1239 1403 sequatur
1252 1364 1265 1397 3

134 1406 392 1468 consulitque,
413 1413 458 1445 ut
476 1419 516 1446 se
534 1406 576 1444 in
595 1407 768 1459 aliquam
785 1407 924 1445 urbem
943 1420 966 1446 a
983 1405 1086 1446 bello
1106 1418 1267 1445 vacuam

134 1468 322 1514 recipiat.)

184 1569 453 1609 Exanimatus
472 1583 559 1609 sum
577 1569 654 1609 tuis
672 1570 819 1609 literis·
807 1599 819 1617 ‚
850 1570 992 1622 quibus
1017 1576 1055 1608 te
1076 1568 1176 1607 nihil
1194 1568 1270 1608 nisi

137 1624 247 1664 triste
265 1625 431 1676 cogitare
449 1624 672 1671 ostendisti;
702 1638 842 1677 neque,
870 1625 910 1663 id
930 1624 1025 1677 quid
1045 1631 1154 1670 esset,
1181 1637 1269 1675 per-

137 1679 344 1731 scripsisti3
375 1692 502 1742 neque
519 1692 598 1718 non
618 1686 762 1727 tamen,
784 1680 899 1731 quale
910 1686 1020 1727 esset,
1041 1678 1147 1740 quod
1166 1677 1270 1729 cogi-

135 1740 249 1782 tares,
271 1734 466 1786 aperuisti.
505 1733 591 1772 Has
610 1733 713 1772 illico
732 1734 782 1772 ad
810 1742 847 1773 te
865 1734 994 1773 literas
1013 1732 1157 1785 scripsi.
1193 1733 1271 1771 Per

135 1787 310 1826 fortunas
339 1796 440 1837 tuas,
468 1788 615 1836 Cicero,
641 1801 710 1840 per
738 1789 893 1835 liberos,
920 1801 1001 1837 010,
1029 1789 1196 1834 obsecro,
1221 1799 1271 1826 ne

136 1842 233 1894 quid
251 1843 405 1893 gravius
428 1843 476 1882 de
494 1844 617 1882 salute
636 1850 673 1882 et
690 1843 956 1882 incolumitate
974 1842 1044 1880 tua
1063 1842 1239 1880 consulas
1255 1854 1268 1887 ς

137 1908 230 1935 113111
250 1897 355 1936 Deos
377 1897 644 1950 hominesque,
671 1898 959 1949 amicitiamque
983 1903 1170 1944 nostram,
1194 1902 1271 1934 133-

139 1950 276 1999 tifieor,
297 1964 362 1991 me
386 1964 514 2013 neque
537 1959 681 1991 temere
707 1951 779 1990 tibi
803 1952 1040 2004 praedixisse,
1067 1963 1194 2002 neque
1213 1957 1273 1988 te-

137 2017 244 2044 mere
266 2006 489 2053 monuisse;
518 2006 599 2056 sed,
631 2013 838 2059 postquam
867 2006 1059 2045 Caesarem
1085 2017 1272 2044 convene-

137 2059 229 2120 rim,
256 2061 564 2127 sententiamque
590 2062 689 2111 ejus,
717 2061 843 2112 qualis
867 2060 1001 2099 futura
1023 2067 1132 2109 osset,
1161 2056 1273 2111 parta

138 2113 312 2176 victoria,
331 2115 590 2176 cognoverim,
607 2123 645 2154 te
663 2115 862 2154 certiorem
880 2114 1022 2154 fecisse.

191 2168 234 2208 Si
253 2169 464 2218 existimas,
480 2169 658 2208 eamdem
679 2169 867 2208 rationem
889 2169 971 2208 sore
990 2167 1162 2208 Caesari
1151 2180 1192 2206 111
1211 2166 1270 2205 (11-

134 2221 333 2262 mittendis
351 2223 589 2276 adversariiS,
602 2231 642 2264 et
659 2223 942 2264 conditionibus
960 2223 1141 2271 ferendis,
1157 2234 1270 2262 erras.

191 2278 365 2330 (Ep-ist.)
385 2289 493 2318 voL.
516 2289 547 2317 1.
964 2288 997 2317 Υ
