1481 2422
123 95 203 141 272
315 91 399 131 AD
430 57 734 132 DlVERsOS.
763 91 866 130 Lm.
899 89 977 130 IX.
1006 92 1074 130 22.

127 211 210 243 tam
236 200 447 241 CCCXII.
488 200 565 241 Sed
590 209 676 240 tum
708 200 856 253 Papisii
880 199 1125 240 dicebamini.
1169 199 1264 240 Post

128 259 235 298 hunc
264 256 380 297 XIII
405 256 565 295 fuerunt
593 256 688 295 sella
715 255 842 295 curuli
865 263 955 295 ante
982 255 1031 295 L.
1059 254 1265 308 Papirium

129 313 330 360 Crassum,
368 311 438 364 qui
483 311 657 364 primum
695 310 877 363 Papisius
917 317 974 349 ωε
1002 310 1131 350 vocari
1167 309 1267 349 desi-

128 377 206 407 tus.
238 368 280 406 Is
309 366 485 415 dictator,
513 379 603 406 cum
630 365 680 404 L.
708 365 866 418 Papirio
893 364 1059 404 Cursore
1082 363 1269 416 magistro

130 423 324 476 equitum,
355 421 480 460 factus
512 428 582 469 est,
617 420 728 460 annis
758 427 845 472 post
874 421 1048 459 Romam
1072 419 1270 459 conditam

132 477 375 524 CCCCXV,
396 483 434 515 et
453 475 707 529 quadriennio
726 483 814 527 post
832 475 968 514 consul
985 487 1077 514 cum
1107 474 1160 512 K.
1181 473 1270 512 Du-

130 532 227 572 illio.
255 532 377 571 Hunc
396 538 548 570 secutus
577 538 633 569 est
652 530 810 578 Cursor,
833 529 952 568 homo
975 529 1088 568 valde
1105 529 1272 568 honora-

132 595 222 635 tus3
253 586 392 626 deinde
421 586 470 624 L.
491 585 640 633 Masso,
666 584 879 624 aedilicius:
909 583 1000 622 inde
1022 583 1140 622 multi
1159 583 1272 622 Mas-

133 654 244 682 sones
261 655 272 687 ;
304 653 471 693 quorum
487 640 647 692 quidem
661 649 704 678 tu
719 639 897 678 omnium
911 638 1273 691 patriciorumima-

134 697 244 750 gines
262 696 419 742 habeas,
440 695 540 733 volo.

193 750 348 790 Deinde
379 750 575 789 Carbones
594 756 633 788 et
662 747 790 788 Turdi
809 748 1079 801 insequuntur.
1113 747 1172 786 Hi
1189 747 1274 800 ple-

134 806 213 845 beii
231 806 390 844 fuerunt
405 819 415 843 ε
447 817 544 856 quos
556 811 794 851 contemnas,
811 815 959 842 censeo.
989 803 1113 850 Nam,
1133 810 1274 855 praeter

135 861 242 900 hunc
262 860 307 899 C.
330 860 565 907 Carbonem,
586 872 705 911 quem
724 857 991 910 Damasippus
1008 857 1160 906 occidit,
1181 857 1275 897 civis

134 929 156 955 e
175 929 215 955 re
233 914 392 968 publica
404 914 631 954 Carbonum
654 925 769 952 nemo
792 913 880 951 fuit.
914 912 1179 964 Cognovimus
1198 911 1273 952 Cn.

137 970 373 1016 Carbonem,
401 976 439 1008 et
469 970 551 1019 ejus
581 968 739 1007 fratrem
767 980 951 1007 scurram.
982 967 1093 1016 Quid
1110 966 1174 1006 his
1198 966 1275 1006 im-

135 1026 295 1078 probius
311 1027 328 1064 ‚⁹
358 1023 405 1062 de
424 1023 497 1062 hoc
517 1023 640 1063 amico
654 1035 757 1072 meo,
772 1022 935 1062 Rubriae
948 1021 1044 1071 filio,
1064 1021 1274 1062 nihildioo.

135 1080 237 1119 Tres
255 1079 313 1118 illi
332 1079 468 1117 fratres
485 1078 609 1127 fuere,
623 1077 669 1117 C.
687 1077 761 1116 Cn.
780 1077 843 1116 M.
855 1077 1064 1117 Carbones.
1094 1076 1274 1125 Marcus,

140 1136 187 1175 P.
216 1135 355 1174 Flacco
386 1141 602 1181 accusante,
634 1132 928 1181 condemnatus,
958 1130 1044 1182 [fur
1067 1133 1274 1185 magnus,]

139 1204 189 1230 ex
209 1190 343 1230 Sicilia
364 1203 374 1227 ι
407 1188 540 1235 Caius,
561 1195 763 1227 accusante
784 1187 833 1226 L.
853 1187 1008 1235 Crasso,
1032 1186 1277 1226 cantharidas

138 1245 320 1284 sumsisse
339 1243 489 1282 dicitur.
522 1243 563 1282 Is
584 1251 621 1281 et
647 1243 827 1281 tribunus
845 1241 971 1294 plebis
1001 1241 1217 1291 seditiosus,
1238 1248 1278 1280 et

139 1300 186 1339 P.
200 1300 389 1339 Africano
408 1298 489 1337 vim
507 1298 698 1347 attulisse,
710 1297 954 1336 existimatus
973 1303 1042 1336 ost.
1063 1296 1152 1336 Hoc
1169 1309 1276 1346 vero,

139 1355 207 1407 qui
229 1353 397 1407 Lilybaei
415 1367 438 1391 a
458 1353 646 1404 Pompeio
664 1359 793 1391 nostro
808 1360 865 1391 eet
883 1351 1118 1398 interfectus,
1131 1351 1279 1404 impro-

134 1411 221 1449 bior
241 1422 371 1457 nemo,
393 1421 481 1447 meo
493 1407 656 1457 judicio,
677 1406 764 1445 fuit.
795 1407 892 1446 Jam
911 1414 1021 1458 pater
1040 1407 1141 1457 ejus,
1162 1419 1281 1445 accu-

141 1471 249 1504 satus
279 1477 304 1502 a
336 1463 398 1502 M.
429 1462 621 1511 Antonio,
656 1461 801 1501 sutorio
833 1469 1049 1500 atramento
1078 1460 1279 1499 absolutus

138 1526 312 1572 putatur.
343 1517 477 1566 Quare
505 1517 555 1555 ad
585 1524 712 1569 patrae
738 1529 871 1556 censeo
896 1524 1096 1556 revertare.
1128 1515 1278 1557 Plebeii

141 1587 263 1627 quam
280 1573 426 1613 fuerint
443 1571 673 1624 importuni,
689 1571 806 1611 vides.
834 1570 948 1610 Vale.

419 1736 536 1789 (22.)
566 1735 782 1776 CICERO
811 1734 998 1776 PAETO.

200 1846 534 1897 (Argumentum.
548 1871 604 1879 —
619 1846 751 1885 Paetus
764 1844 820 1885 ita
837 1845 957 1885 libere
972 1845 1122 1896 jooetus
1135 1846 1176 1885 in
1197 1845 1280 1900 epi-

142 1902 241 1941 stola
259 1900 400 1949 fuerat,
421 1909 467 1940 ut
486 1914 536 1940 ne
554 1903 777 1940 obscoenum
795 1901 958 1939 verbum
984 1901 1132 1940 vitaret.
1161 1901 1280 1942 Unde

139 1955 288 1996 occasio
307 1954 483 1994 Ciceroni
512 1963 603 1994 nata
628 1955 867 2008 exponendae
886 1956 1104 1995 Stoicorum
1128 1964 1281 1996 senten-

142 2011 208 2050 tiae
227 2010 275 2049 de
301 2009 459 2049 licentis
483 2010 696 2063 loquendi:
728 2022 849 2063 quam
868 2010 951 2062 ipse
969 2010 1158 2059 damnat3
1189 2025 1280 2052 oon-

143 2074 217 2114 tra,
241 2065 416 2104 Platonis
435 2065 571 2104 laudat
590 2064 897 2113 verecundiam.)

172 2173 282 2213 Amo
290 2175 576 2223 verecundiam,
590 2173 677 2228 [tu]
694 2174 824 2227 potius
836 2174 1070 2223 libertatem,
1083 2175 1279 2230 loquendi.

145 2228 274 2282 Atqui
295 2229 367 2269 hoc
395 2229 543 2270 Zenoni
565 2229 725 2283 placuit,
746 2229 898 2270 homini
917 2230 1170 2282 (mehercule)
1188 2244 1281 2271 acu-
