1501 2407
209 117 286 162 172
395 117 478 156 AD
506 117 1041 159 DIVERSOS.L113.VI.
1074 114 1140 156 14.

201 224 301 262 1111111
319 225 382 273 511,
403 226 507 277 quod
531 238 608 265 non
625 227 755 279 ipsum
781 226 974 266 Caesarem
997 226 1237 265 tributurum
1259 238 1327 265 ex-

212 279 395 317 istimem.

258 333 347 379 Sed,
369 334 400 372 si
418 335 565 373 tardius
584 335 643 383 fit,
665 348 784 387 quam
803 336 1007 380 volumus3
1037 334 1188 386 magnis
1217 347 1328 373 occu-

203 387 421 439 pationibus
441 390 535 439 ejus,
550 403 573 427 a
585 403 661 441 quo
675 389 804 427 omnia
814 397 1011 441 petuntur,
1032 389 1157 427 aditus
1176 387 1225 426 ad
1237 401 1328 426 eum

207 441 435 481 difficiliores
465 443 650 481 fuerunt:
683 450 720 481 et
738 443 868 488 simul,
891 443 1088 481 Africanae
1113 455 1236 480 causae
1253 442 1329 480 ira-

208 495 296 543 tior,
316 496 461 535 diutius
480 497 576 535 velle
596 498 745 535 videtur
760 510 821 535 eos
835 497 973 535 habere
992 496 1183 544 sollicitos,
1200 509 1223 534 a
1241 496 1329 548 qui-

208 550 282 588 bus
301 563 340 588 se
364 557 475 601 putat
495 551 797 590 diuturnioribus
823 564 902 589 esse
930 550 1112 589 molestiis
1137 550 1328 588 conflicta-

209 611 308 642 tum.
337 604 413 643 Sed
434 605 506 643 hoc
530 606 659 656 ipsum
687 605 938 656 intelligimus
964 617 1053 642 eum
1076 603 1246 656 quotidie
1271 609 1331 642 10-

210 657 363 696 missius
385 666 422 696 et
439 659 623 710 placatius
642 659 750 697 ferre.
781 658 913 705 Quare
931 658 1030 696 mihi
1047 657 1170 705 crede,
1190 665 1227 696 et
1246 671 1327 696 me-

210 712 343 750 moriae
361 713 516 760 manda,
540 726 603 750 me
626 712 697 750 tibi
720 712 761 750 id
783 712 1007 759 affirmasse,
1027 719 1065 750 te
1089 712 1131 750 in
1149 712 1230 750 istis
1247 724 1332 750 mo-

211 765 331 804 lestiis
349 766 493 804 diutius
511 779 588 804 non
607 766 797 806 futurum.

267 820 449 869 Quando,
474 820 568 872 quid
588 820 779 869 sentirem,
801 819 985 871 exposui3
1015 819 1110 871 quid
1127 819 1243 858 velim
1263 818 1330 858 tua

214 874 344 922 causa,
372 887 413 912 re
443 874 570 925 potius
600 887 719 926 quam
748 874 916 912 oratione
953 874 1177 912 declarabo:
1219 880 1270 923 et,
1302 874 1334 913 si

212 934 365 966 tantum
395 941 563 980 possem,
592 936 782 980 quantum
811 928 852 967 in
881 928 926 967 e‘a
948 926 1156 979 republica,
1183 927 1233 966 de·
1257 927 1334 980 qua

213 981 268 1020 ita
297 994 384 1020 sum
408 982 580 1029 meritus,
607 989 651 1020 ut
681 989 724 1020 tu
757 982 966 1031 existimas,
989 995 1099 1034 posse
1121 981 1334 1029 debebam;

213 1047 264 1075 ne
296 1042 339 1073 tu
371 1036 529 1087 quidem
560 1037 601 1074 in
641 1036 721 1075 istis
750 1036 1002 1075 incommodis
1035 1049 1143 1075 esses·
1185 1035 1336 1075 Eadem

217 1090 321 1128 enim
341 1103 454 1129 causa
472 1103 563 1142 opes
581 1103 685 1129 meas
703 1090 830 1142 fregit,
852 1104 940 1142 quae
964 1097 1074 1129 tuam
1103 1091 1267 1128 salutem
1294 1091 1336 1129 in

215 1144 419 1183 discrimen
450 1145 623 1183 adduxit.
653 1144 728 1184 Sed
747 1151 891 1193 tamen,
912 1144 1133 1196 quidquid
1122 1157 1251 1197 lmago
1270 1157 1336 1183 ve-

216 1199 305 1237 teris
323 1211 420 1237 meae
444 1199 654 1250 dignitatis,
675 1199 868 1251 quidquid
885 1199 1057 1250 reliquiae
1083 1199 1215 1250 gratiae
1232 1199 1337 1237 vale-

217 1253 342 1299 bunt3
373 1253 559 1303 studium,
587 1253 802 1314 consilium,
821 1266 949 1304 opera,
969 1252 1105 1304 gratia,
1124 1252 1217 1291 fides
1235 1265 1337 1303 mea,

218 1307 328 1345 nullo
355 1307 439 1346 1000
465 1307 583 1346 deerit
600 1307 676 1346 tuis
695 1307 849 1359 optimis
873 1307 1066 1345 fratribus.
1097 1307 1162 1345 Tu
1181 1307 1241 1346 fac
1269 1307 1340 1346 ha-

217 1362 308 1399 beas
337 1361 475 1400 fortem
501 1361 690 1409 animum,
719 1374 836 1412 quem
861 1374 1010 1422 semper
1034 1361 1231 1406 habuisti;
1260 1361 1340 1412 pri-

218 1427 345 1463 mum,
366 1417 415 1453 ob
445 1428 506 1453 eas
525 1428 669 1463 causas,
689 1428 788 1476 quas
807 1415 963 1467 scripsi,
993 1415 1147 1476 deinde,
1173 1415 1276 1468 quod
1296 1429 1341 1454 03

218 1468 265 1507 (10
284 1482 324 1508 10
341 1469 497 1520 publica
516 1482 664 1523 semper
686 1469 841 1507 voluisti
863 1478 978 1521 atque
1003 1469 1164 1529 sensisti,
1191 1477 1237 1507 ut
1261 1481 1339 1508 non

218 1523 334 1561 modo
360 1523 524 1561 secunda
551 1537 699 1575 sperare
725 1523 876 1570 debeas,
902 1523 967 1561 sed
992 1523 1122 1571 etiam,
1155 1523 1186 1562 si
1208 1523 1340 1562 omnia

209 1576 375 1615 adversa
405 1584 541 1626 essent,
575 1585 719 1627 tamen,
750 1577 979 1616 conscientia
1008 1584 1045 1616 et
1077 1577 1265 1616 factorum
1302 1585 1341 1616 et

220 1631 463 1669 consiliorum
487 1639 662 1693 tuorum,
684 1645 938 1684 quaecumque
967 1631 1191 1681 acciderent,
1215 1631 1342 1698 fortis-

223 1685 320 1724 simo
339 1692 375 1725 et
392 1686 563 1725 maximo
581 1685 711 1725 animo
724 1685 820 1725 ferre
838 1685 1004 1755 deberes.
1033 1685 1146 1725 Vale.

450 1848 564 1896 (14.)
607 1846 819 1888 CICERO
848 1847 1110 1887 LIGARIO.

277 1954 602 2005 (Argumentum.
627 1982 682 1989 —
707 1956 809 2005 Quae
839 1970 928 1996 cum
963 1957 1113 1996 caesare
1142 1954 1260 2007 egerit
1295 1953 1345 1994 de

224 2008 373 2060 Ligarii
400 2010 651 2057 restitutione,
683 2017 720 2049 et
749 2024 868 2063 quam
898 2024 1005 2064 spem
1030 2010 1164 2050 salutis
1187 2010 1344 2058 habeat,

223 2063 416 2103 declarat.
448 2072 486 2103 et
503 2063 553 2102 ad
569 2064 745 2103 laetitiam
763 2064 1017 2116 exhortatur.)

278 2171 352 2211 Me
381 2172 473 2212 scito
502 2185 658 2212 omnem
688 2173 874 2222 laborem,
901 2185 1057 2212 omnem
1087 2184 1256 2226 operam,
1281 2183 1348 2210 cu-

224 2238 322 2277 ram,
343 2227 513 2266 studium
564 2227 604 2267 in
619 2227 687 2267 tua
708 2228 830 2267 salute
854 2239 1088 2268 consumere.
1118 2227 1240 2284 Nam,
1261 2236 1351 2265 cum
