1501 2407
323 83 407 121 AD
438 83 736 122 DIVERSOS.
769 83 869 121 Lm.
902 83 977 122 1v.
1013 85 1070 124 1³.
1192 87 1265 132 107

149 191 248 242 pulit
267 191 424 242 insignis
452 192 605 241 injuria,
635 203 704 230 nec
722 192 818 229 mihi
846 192 1059 244 quidquam
1078 194 1145 231 tali
1168 202 1264 233 tem-

148 257 238 295 pore
256 245 301 282 111·
315 254 485 284 mentem
511 246 613 284 venit
641 253 785 297 optare,
812 246 916 298 quod
940 259 1017 285 11οο
1048 247 1149 285 ultro
1167 249 1264 287 mihi

148 298 275 337 Caesar
306 298 510 346 detulerit3
541 308 670 338 tamen
700 299 821 338 nihilo
849 300 978 338 minus
1009 300 1061 339 eis
1090 301 1266 341 conficior

147 353 260 398 curiS‚
280 361 325 391 ut
347 354 490 405 ipsum,
511 354 615 406 quod
636 365 815 391 maneam
836 353 877 391 in
905 354 997 401 vita,
1028 367 1182 406 peccare
1200 369 1264 395 me

146 406 375 446 existimem.
408 408 528 447 Careo
548 408 665 455 enim,
686 420 776 445 cum
793 408 1096 446 familiarissimis
1114 410 1262 458 multis,

146 473 241 511 quos
259 469 327 499 aut
344 475 446 501 mors
466 463 605 514 eripuit
623 462 746 507 nobis,
766 458 840 500 ‘aut
858 462 1033 500 distraxit
1049 463 1157 513 fuga,
1177 471 1264 502 tum

144 515 323 553 omnibus
342 516 487 565 amicis,
516 529 683 567 quorum
708 516 1010 554 benevolentiam
1035 517 1144 554 nobis
1175 530 1263 556 con-

144 568 291 607 ciliarat
318 571 405 621 (per
423 583 486 608 me
505 570 715 621 quondam,
739 578 775 607 te
805 570 917 615 socio,
938 569 1110 619 defensa)
1131 584 1263 622 respu-

143 622 242 660 blica
258 636 270 668 ;
300 637 501 675 versorque
519 625 559 662 in
579 637 711 663 eorum
726 623 934 674 naufragiis
953 631 989 662 et
1001 625 1190 662 bonorum
1205 625 1264 663 di-

142 677 399 727 reptionibus,
389 693 398 702 ·
417 691 485 717 nec
496 678 610 717 audio
623 679 748 716 solum
767 678 889 729 (quod
900 677 1029 728 ipsum
1042 686 1138 716 esset
1148 679 1262 717 mise-

142 733 266 781 rum),
280 731 346 770 sed
365 732 480 770 etiam
492 732 602 771 video
623 735 666 784 (q
670 745 719 770 uo
731 732 829 770 nihil
843 740 898 770 est
916 731 1106 781 acerbius)
1128 745 1262 772 eorum

141 784 312 824 fortunas
330 786 518 838 dissipari,
545 787 684 838 quibus
703 798 772 824 nos
794 786 888 823 olim
908 785 1145 835 adjutoribus
1163 786 1263 825 illud

141 839 360 878 incendiuin
402 841 684 879 exstinximus:
729 850 779 887 et,
816 840 857 877 in
901 853 979 891 qua
1015 841 1109 879 urbe
1144 840 1261 879 modo

141 894 278 944 gratia,
307 895 543 942 auctoritate,
569 895 691 946 gloria
716 894 930 943 floruimus,
956 894 997 931 in
1028 907 1074 932 03
1091 907 1195 933 nunc
1212 894 1260 932 113

141 947 298 998 quidem
317 948 496 987 omnibus
515 962 700 987 caremus.

195 1001 458 1040 Obtinemus
447 1003 566 1054 lpsius
585 1003 747 1041 Caesaris
777 1015 970 1041 summam
991 1015 1080 1053 erga
1097 1015 1166 1040 nos
1185 1003 1260 1041 hu·

140 1055 388 1101 manitatem3
420 1057 486 1094 sed
516 1070 560 1095 ea
588 1057 676 1108 plus
705 1069 782 1094 11011
813 1064 951 1108 potest.
983 1069 1102 1113 quam
1135 1056 1192 1094 vis
1223 1064 1260 1095 et

138 1110 301 1147 mutatio
326 1110 501 1148 omnium
531 1124 659 1149 rerum
690 1118 805 1162 atque
834 1110 1064 1161 temporum.
1105 1109 1258 1161 Itaque,

138 1165 254 1202 orbus
283 1164 329 1201 iis
360 1166 473 1202 rebus
505 1165 697 1212 omnibus,
729 1164 870 1215 quibus
899 1172 935 1202 et
959 1171 1097 1202 natura
1124 1176 1200 1211 me,
1221 1172 1259 1202 et

141 1218 330 1263 voluntas,
361 1225 398 1256 et
431 1218 663 1256 consuetudo
695 1218 967 1263 assuefecerat3
998 1231 1086 1256 cum
1116 1217 1259 1256 caeteris

138 1272 203 1323 (ut
221 1271 379 1323 quidem
393 1270 555 1321 videor),
577 1279 661 1310 tum
676 1272 774 1310 mihi
793 1272 886 1322 ipse,
901 1272 1095 1322 displiceo.
1127 1271 1258 1310 Natus

138 1325 241 1364 00101
259 1325 309 1364 ad
327 1326 520 1377 agendum
535 1338 683 1377 semper
701 1325 848 1377 aliquid
865 1325 1028 1376 dignum
1046 1325 1140 1371 viro,
1154 1337 1258 1364 nunc

137 1391 214 1417 0011
244 1380 360 1418 modo
390 1380 528 1432 agendi
557 1381 743 1418 rationem
769 1380 919 1417 nullam
948 1379 1084 1425 habeo,
1113 1378 1179 1416 sed
1207 1391 1257 1416 ne

136 1433 327 1485 cogitandi
347 1434 504 1486 quidem
520 1448 530 1472 ε
562 1441 613 1480 01,
635 1434 702 1486 qui
727 1440 838 1472 antea
857 1440 925 1471 aut
942 1432 1111 1471 obscuris
1129 1432 1256 1471 homi-

136 1488 263 1534 nibus,
284 1496 352 1526 aut
374 1488 490 1527 etiam
519 1488 705 1535 sontibus,
728 1487 909 1538 opitulari
933 1494 1121 1538 poteram,
1151 1498 1256 1524 nunc

136 1542 185 1580 P.
207 1541 382 1593 Nigidio,
403 1542 472 1581 uni
499 1541 674 1580 omnium
699 1541 916 1580 doctissimo
940 1547 978 1578 et
1003 1540 1254 1587 sanctissimo,

135 1601 172 1634 et
189 1595 363 1634 maxima
393 1596 589 1648 quondam
607 1595 742 1646 gratia,
767 1595 868 1633 mihi
886 1602 984 1633 certe
1007 1593 1252 1641 amicissimo,

136 1661 185 1688 00
202 1650 367 1700 benigne
385 1650 542 1702 quidem
559 1649 730 1702 polliceri
747 1661 920 1702 possum.

186 1702 294 1755 Ergo
307 1704 379 1742 hoc
393 1712 566 1756 ereptum
586 1711 641 1742 est
657 1704 855 1742 literarum
873 1715 1009 1754 genus.
1039 1703 1254 1754 Reliquum

134 1763 204 1804 est,
224 1765 268 1796 ut
286 1758 468 1806 consoler,
489 1766 526 1796 et
540 1757 700 1799 ,afferam
719 1757 896 1802 rationes,
912 1757 1053 1808 quibus
1071 1765 1110 1795 te
1127 1769 1151 1794 a
1168 1768 1254 1794 mo-

133 1811 251 1850 lestiis
275 1824 387 1850 coner
416 1811 616 1850 abducere.
646 1812 706 1849 At
730 1824 775 1849 ea
804 1810 961 1862 quidem
989 1810 1164 1858 facultas,
1191 1809 1252 1848 vel

133 1865 193 1904 tui
221 1866 282 1904 vel
310 1865 464 1904 alterius
491 1865 723 1911 consolandi,
744 1864 784 1902 in
810 1872 848 1902 te
869 1877 1021 1902 summa
1039 1872 1108 1911 est,
1129 1864 1160 1902 si
1178 1875 1253 1901 un·

132 1932 267 1985 quam
270 1919 311 1957 111
336 1919 416 1956 ullo
444 1918 532 1958 fuit.
564 1920 702 1970 Itaque
721 1931 805 1956 eam
827 1926 989 1969 partem,
1011 1931 1098 1968 quae
1115 1919 1164 1956 ab
1184 1930 1251 1955 ex-

133 1973 275 2025 quisita
293 1973 461 2025 quadam
475 1973 621 2011 ratione
640 1980 678 2011 et
696 1972 866 2011 doctrina
884 1971 1147 2023 proficiscitur,
1171 1983 1248 2009 non

131 2026 344 2077 attingam:
375 2027 446 2065 tibi
472 2034 592 2066 totam
619 2027 848 2078 relinquam.
888 2025 997 2073 Quid
1027 2026 1075 2064 sit
1098 2024 1188 2063 forti
1214 2032 1251 2063 et

132 2081 295 2132 sapienti
312 2080 471 2119 homine
488 2080 679 2132 dignum;
709 2080 804 2133 quid
829 2079 1007 2131 gravitas,
1038 2079 1133 2130 quid
1162 2077 1249 2117 alti-

134 2134 230 2173 tudo
258 2134 392 2182 animi,
422 2134 517 2187 quid
539 2141 623 2174 acta
647 2141 715 2172 tua
742 2134 834 2180 vita,
864 2133 958 2185 quid
984 2133 1124 2181 studia,
1153 2131 1250 2185 quid

131 2194 244 2238 artes,
276 2188 419 2240 quibus
447 2201 470 2228 a
486 2188 651 2241 pueritia
675 2187 851 2236 floruisti,
882 2200 906 2226 a
925 2194 961 2227 te
986 2186 1174 2238 flagitent,
1205 2192 1249 2224 tu
