1501 2407
321 117 399 154 220
493 116 576 155 AD
606 116 902 156 DIVERSOS.
932 116 1031 156 Lm.
1063 115 1188 156 VIII.
1217 116 1256 154 4.

373 224 581 271 Quomodo
609 226 722 264 illum
747 233 861 278 putas
884 227 1092 277 auguratszs
1113 232 1227 264 tuum
1254 221 1437 274 competi-

319 284 441 316 torem
471 279 611 328 dolere,
639 287 676 318 et
704 280 960 328 dissimulare,
991 293 1055 318 me
1083 279 1294 326 certiorem,
1317 288 1437 329 quam

318 345 371 380 se,
392 334 662 373 candidatum.
652 338 670 361 '⁶'
699 334 747 372 de
765 347 856 396 quo,
877 343 934 382 ut,
949 347 1065 385 quem
1084 341 1206 385 011133,
1226 337 1350 384 quam·
1356 330 1437 382 pri-

317 398 429 424 mum
455 388 637 426 nuntium
665 389 838 440 accipias,
865 390 934 427 tua
958 388 1127 440 (medius
1154 385 1288 435 fidius)
1313 384 1438 435 magis

318 452 437 490 quam
465 455 553 480 mea
570 443 700 490 caua,
722 443 845 494 cupio.
877 443 983 481 Nam
1004 441 1123 492 [mea‚
1144 441 1176 479 si
1193 441 1259 489 fio,
1278 438 1437 477 forsitan

316 506 408 532 cum
436 495 656 548 locupletior
652 511 682 535 0
699 498 870 535 referam.
878 498 894 548 ]
926 497 1002 535 Sed
1024 497 1097 535 hoc
1114 508 1237 546 usque
1260 507 1305 533 eo
1323 504 1438 531 suave

317 556 387 597 est,
408 551 512 601 quod
530 551 562 589 si
579 551 768 597 acciderit,
781 551 862 588 tota
880 551 960 589 vita
977 550 1074 588 risus
1093 550 1202 588 nobis
1216 548 1344 587 deesse
1357 558 1435 585 non

317 603 447 654 possit.
476 605 552 643 Sed
570 605 681 652 tanti,
697 605 913 643 mehercule
929 620 939 643 z
964 616 1042 643 non
1053 605 1224 642 multum
1240 603 1302 641 M.
1318 601 1438 641 Octa-

317 657 402 695 vius
431 671 563 697 eorum
597 660 697 706 odia,
727 659 795 711 qui
821 659 986 696 Hirrum
1014 664 1209 710 premunt,
1239 670 1335 709 quae-
1351 667 1438 708 per-

316 711 442 750 multa
461 721 563 760 sunt,
585 714 768 752 sublevat.

372 765 490 813 Quod
508 767 557 804 ad
576 767 778 805 Pnilotimi
801 767 928 805 liberti
945 767 1115 805 officium
1134 772 1172 804 et
1194 767 1297 804 bona
1315 763 1437 803 Milo-

317 820 376 858 nis
395 821 557 867 attinet3
587 822 764 860 dedimus
777 834 947 873 operam,
960 829 1005 859 ut
1019 829 1056 860 et
1070 820 1304 859 Philotimus
1317 830 1437 870 quam

314 873 580 914 honestissime
598 876 743 914 Miloni
767 876 928 938 absenti,
949 876 1108 926 ejusque
1125 873 1357 921 necessariis,
1378 885 1438 911 sa-

314 928 528 974 tisfacerem
560 937 610 978 et,
638 930 849 968 secundum
876 931 959 980 ejus
984 929 1101 968 fidem
1120 936 1158 968 et
1179 927 1434 974 sedulitatem,

314 982 545 1022 existimatio
565 992 633 1022 tua
650 992 944 1023 conservaretur.

368 1037 476 1075 Illud
495 1050 598 1076 nunc
617 1052 639 1077 a
658 1047 695 1077 te
713 1045 815 1090 peto,
837 1038 868 1076 si
887 1038 958 1077 eris
983 1038 1046 1090 (ut
1058 1043 1183 1090 spero)
1196 1037 1353 1085 otiosus,
1365 1035 1435 1073 ali-

313 1091 418 1142 quod
447 1092 496 1130 ad
525 1105 608 1139 nos,
644 1101 689 1130 ut
716 1092 977 1143 intelligamus
1006 1104 1076 1131 nos
1108 1091 1179 1130 tibi
1211 1104 1311 1130 curae
1341 1102 1434 1137 oese,

318 1160 359 1181 σ
346 1161 507 1193 -νταγαα
528 1147 751 1185 conscribas.
778 1146 865 1194 Qui
885 1146 956 1185 tibi
974 1147 1085 1194 istuc,
1105 1146 1248 1198 inquis,
1268 1145 1310 1182 in
1327 1156 1437 1182 men-

313 1205 393 1236 tem
413 1212 483 1238 ven
473 1200 530 1248 it,
545 1201 649 1239 hom'
639 1214 677 1238 n
681 1201 694 1238 i
706 1213 782 1239 non
800 1201 930 1252 inepto
944 1201 963 1238 Ρ
990 1199 1158 1252 Aliquid
1177 1213 1225 1238 ex
1237 1207 1317 1238 tam
1331 1198 1436 1236 mul-

313 1253 362 1291 tis
394 1254 470 1292 tuis
499 1255 745 1293 monimentis
771 1264 933 1301 exstare,
965 1255 1069 1306 quod
1093 1261 1233 1292 nostrae
1254 1252 1437 1292 amicitiae

313 1308 538 1346 memoriam
554 1310 713 1371 posteris
732 1322 886 1361 quoque
899 1310 1048 1360 prodat.
1059 1308 1187 1346 velim.
1204 1305 1435 1358 Cujusmodi

312 1362 443 1408 velim,
463 1372 572 1414 puto,
593 1364 742 1415 quaeris.
772 1364 838 1402 Tu
854 1376 887 1401 01
877 1363 964 1401 tius
948 1385 978 1412 s,
995 1363 1063 1415 qui
1076 1375 1232 1400 omnem
1245 1360 1435 1399 nostidis·

312 1416 508 1467 ciplinam‚
530 1418 624 1469 quid
651 1418 824 1457 maxime
841 1417 1053 1464 conveniat,
1081 1416 1323 1468 excogitabis.
1352 1414 1434 1453 Ge-

312 1482 375 1508 nei
371 1483 401 1508 e
422 1478 564 1519 tamen,
585 1472 689 1523 quod
708 1482 744 1510 et
763 1472 811 1510 ad
829 1484 898 1510 nos
916 1472 1117 1523 pertineat,
1138 1478 1175 1509 et
1195 1470 1223 1506 δ.
1228 1470 1432 1506 &mmmm

311 1525 537 1576 quamdam,
557 1535 602 1564 ut
621 1534 791 1565 versetur
808 1527 907 1564 inter
924 1537 1077 1574 manus,
1096 1525 1249 1563 habeat.
1278 1522 1390 1562 Vale.

318 1601 323 1605 ’
384 1625 472 1679 (4.)
504 1627 566 1665 Μ.
597 1628 819 1667 COEmLs
852 1626 915 1665 M.
936 1626 1218 1667 CICERONI
1245 1626 1285 1666 s.
1302 1622 1359 1663 D.

364 1737 688 1787 (Argumentum.
719 1761 771 1767 —
797 1738 870 1776 Est
900 1738 995 1777 varii
1023 1738 1253 1789 argumenti.
1291 1735 1432 1776 Scribit

309 1791 412 1830 enim
432 1792 479 1829 (10
497 1792 742 1830 damnatione
754 1793 948 1840 Messalae,
964 1802 1002 1831 et
1016 1793 1138 1832 Servii
1150 1791 1296 1831 tribuni
1307 1790 1431 1842 plebis

308 1845 520 1896 designati:
551 1846 598 1884 de
613 1848 659 1885 G.
681 1847 869 1885 Marcello
884 1847 1038 1886 consule
1052 1847 1264 1898 designato,
1283 1845 1331 1883 de
1345 1843 1432 1882 Do-

309 1899 452 1938 labella
477 1899 642 1939 XVviro
657 1909 795 1947 creato,
812 1901 859 1939 de
874 1901 1043 1939 Lentulo
1054 1902 1220 1952 repulso,
1234 1900 1281 1938 de
1291 1898 1431 1938 Curio-

307 1965 371 2001 ne,
387 1953 435 1991 de
453 1954 628 2001 comitiis,
649 1954 697 1992 de
715 1955 806 1993 actis
824 1955 866 1992 in
885 1963 1034 2002 senam,
1055 1955 1103 1993 de
1122 1955 1283 1997 Caesaris
1301 1952 1430 1992 animo

308 2020 399 2059 erga
417 2007 665 2112 Pompeium,
693 2008 740 2048 de
763 2009 841 2047 suis
871 2010 1028 2048 tandem
1052 2011 1180 2057 rebus,
1204 2020 1302 2060 quas
1323 2019 1431 2046 oom-

305 2062 474 2100 mendat.

314 2196 320 2200 -
360 2170 519 2210 Invideo
549 2170 643 2210 tibi:
675 2179 757 2222 tam
793 2172 920 2210 multa
947 2171 1132 2223 quotidie,
1163 2184 1251 2223 quae
1275 2169 1426 2216 mirere,

301 2224 399 2263 istuc
429 2225 686 2278 perferuntur.
716 2226 894 2265 Primum
924 2225 1037 2275 illud,
1070 2226 1290 2265 absolutum
1321 2224 1430 2263 Mes-
