1501 2407
341 107 425 146 AD
454 106 750 146 DIVERSOS.
780 107 882 146 1118.
913 107 988 146 lv.
1019 108 1057 151 7.
1204 110 1258 147 99

143 213 263 253 civilis
280 214 443 253 invitum
475 214 675 268 suscipere,
702 222 872 254 extrema
895 214 1057 254 libenter
1079 226 1157 253 non
1174 228 1261 267 per-

140 280 260 319 sequi.

191 321 273 369 Qui
301 334 379 361 non
408 321 511 361 idem
539 322 754 369 eonsilium,
788 323 892 374 quod
917 329 974 370 tu,
1002 322 1120 361 secuti
1149 329 1254 371 sunt,

137 387 200 413 eos
217 375 326 414 video
344 376 384 414 in
403 376 480 414 duo
494 389 633 427 genera
648 389 725 415 esse
740 376 948 415 distractos.
977 377 1065 414 Aut
1079 375 1181 414 enim
1195 389 1255 414 re·

136 441 274 468 novare
292 430 440 468 bellum
458 431 581 468 conati
600 439 689 468 sunt
705 431 838 482 (hique
856 444 895 469 se
913 430 954 468 in
971 430 1148 468 Afrioem
1164 442 1254 468 con·

135 482 348 531 tulerunt);
379 492 460 531 aut,
477 484 805 536 quemadmodum
824 497 907 532 nos,
927 484 1058 522 victori
1076 497 1155 521 sese
1175 496 1256 522 cre-

134 535 323 576 diderunt.
354 538 534 576 Medium
561 538 755 590 quoddam
785 546 899 576 tuum
933 538 1134 576 consilium
1163 537 1254 582 fuit,

136 590 204 641 qui
221 591 293 629 hoc
316 591 472 630 fortasse
497 592 655 630 humilis
680 593 800 630 animi
824 592 991 639 duceres,
1018 592 1117 629 illud
1139 590 1256 642 perti-

134 644 248 682 nacis.
278 644 431 691 Fateor,
459 659 482 683 a
499 646 703 698 plerisque,
725 647 800 694 vel,
820 646 959 693 dicam,
981 646 1029 683 ab
1058 645 1250 693 omnibus,

133 698 281 749 sapiens
313 706 426 737 tuum
456 701 673 748 consilium,
699 714 722 738 a
748 700 881 737 multis
912 700 1027 737 etiam
1052 698 1185 749 magni
1211 711 1254 736 ac

130 751 239 790 fortis
257 753 390 799 animi,
407 753 636 803 judicatum.
666 754 741 793 Sed
754 754 870 792 habet
887 754 959 791 ista
973 753 1082 800 ratio,
1096 761 1141 790 ut
1154 751 1252 790 mihi

133 805 288 856 quidem
308 807 470 856 videtur,
484 808 692 859 quemdam
710 807 897 853 modum;
927 807 1138 858 praesertim
1157 818 1248 845 cum

131 859 201 897 tibi
219 860 316 898 nihil
336 861 462 899 deesse
487 861 646 900 arbitrer
664 862 713 899 ad
737 869 823 899 tuas
841 861 1012 899 fortunas
1031 873 1163 898 omnes
1183 861 1252 898 ob-

133 913 321 960 tinendas,
337 922 474 966 praeter
485 916 734 953 voluntatem.
759 915 821 953 Sic
835 915 936 953 enim
952 914 1137 961 intellexi,
1154 913 1251 951 nihil

128 966 236 1005 aliud
254 980 346 1015 esse,
360 969 465 1019 quod
476 968 754 1007 dubitationem
768 969 918 1006 afferret
936 968 984 1016 ei,
1004 981 1120 1019 penes
1132 980 1249 1018 quem

128 1028 185 1058 est
203 1028 382 1072 potestas,
403 1022 476 1060 nisi
506 1023 609 1074 quod
636 1030 839 1071 vereretur,
870 1034 919 1060 ne
944 1030 987 1059 tu
1013 1021 1111 1059 illud
1131 1023 1249 1059 bene-

119 1074 260 1112 ficium
289 1076 445 1114 omnino
467 1089 545 1114 non
567 1083 732 1128 putares.
762 1076 825 1114 De
849 1088 925 1127 quo
950 1075 1045 1127 quid
1071 1075 1247 1122 sentiam,

127 1128 226 1166 nihil
251 1129 386 1168 attinet
410 1130 557 1168 dicere.
588 1143 678 1169 cum
700 1138 895 1182 appareat,
921 1129 1002 1181 ipse
1028 1129 1121 1180 quid
1150 1129 1248 1167 feee-

129 1181 216 1219 rim.

179 1235 255 1275 Sed
278 1243 420 1285 tamen,
441 1237 472 1276 si
487 1239 570 1287 jam
587 1238 641 1276 ita
660 1239 930 1285 constituisses,
950 1244 995 1275 ut
1010 1238 1138 1275 abesse
1157 1249 1246 1288 per-

123 1296 240 1341 petuo
264 1292 412 1338 malles,
434 1305 553 1344 quam
579 1306 636 1339 ea,
664 1306 751 1344 quae
772 1293 906 1340 nolles,
931 1291 1085 1336 videre;
1116 1298 1245 1328 tamen

124 1343 165 1382 id
184 1344 347 1395 cogitare
365 1345 534 1394 deberes,
564 1347 798 1398 ubicumque
817 1359 927 1394 esses,
948 1353 985 1383 te
1003 1344 1112 1382 fore'
1101 1356 1142 1382 1n
1161 1345 1245 1393 ejus

123 1397 256 1449 ipsius,
277 1413 394 1451 quem
421 1399 587 1451 fugeres,
607 1408 804 1452 potestate.
835 1400 917 1448 Qui
936 1399 968 1437 si
985 1398 1095 1436 facile
1113 1411 1248 1459 passu-

122 1464 188 1490 rus
207 1462 316 1502 esset,
338 1461 388 1501 te,
417 1462 607 1492 carentem
625 1455 750 1506 patria
769 1463 806 1493 et
824 1453 986 1492 fortunis
1006 1452 1095 1500 tuis,
1116 1452 1245 1503 quiete

119 1512 158 1544 et
174 1506 291 1545 libere
315 1508 466 1553 vivere;
497 1509 743 1559 cogitandum
769 1509 839 1547 tibi
868 1517 998 1546 tamen
1024 1513 1135 1553 esset,
1159 1506 1242 1544 Ro-

122 1572 246 1598 maene
264 1568 302 1599 et
325 1561 431 1600 domi
449 1570 525 1600 tuae
551 1562 786 1612 (cujusmodi
819 1575 878 1601 res
898 1569 1026 1609 esset),
1047 1573 1096 1598 an
1117 1559 1244 1611 Mity-

119 1613 215 1652 lenis
247 1623 316 1653 aut
344 1615 491 1664 Rhodi,
524 1617 658 1655 malles
677 1617 814 1655 vivere
843 1616 933 1663 Sed,
965 1627 1055 1653 cum
1084 1614 1139 1651 ita
1166 1613 1244 1652 late

118 1675 247 1719 pateat
280 1670 362 1719 ejus
391 1677 569 1720 potestas,
602 1684 720 1722 quem
750 1683 940 1715 veremur,
975 1677 1020 1707 ut
1052 1675 1241 1706 terrarum

120 1723 252 1760 orbem
272 1724 472 1775 complexa
489 1724 565 1770 sit;
595 1737 723 1763 nonne
740 1724 862 1762 mavis
888 1724 968 1762 sine
985 1722 1154 1774 periculo
1173 1721 1242 1760 do-

118 1775 174 1813 mi
193 1782 270 1814 tuae
289 1790 380 1826 esse,
401 1791 534 1829 quam,
556 1791 645 1816 cum
663 1779 847 1830 periculo,
868 1776 1032 1816 alienae?

171 1829 382 1882 Equidem,
416 1832 531 1870 etiam
562 1832 593 1870 si
619 1832 834 1884 oppetenda
862 1844 966 1869 mors
996 1837 1107 1876 esset,
1134 1829 1240 1868 domi

118 1890 234 1935 atque
265 1884 306 1922 in
335 1886 460 1937 patria
491 1887 665 1934 mallem,
704 1899 823 1938 quam
853 1885 895 1923 in
928 1883 1093 1923 externis
1125 1891 1241 1934 atque

120 1938 252 1976 alienis
270 1938 373 1977 locis.
404 1939 492 1978 Hoc
511 1940 614 1978 idem
632 1953 779 1987 omnes,
811 1939 879 1991 qui
898 1946 934 1977 te
953 1938 1133 1999 diligunt,
1153 1950 1240 1975 sen-

117 1990 246 2038 tiunt3
276 2006 443 2044 quorum
462 2002 520 2032 est
541 2007 696 2045 magna,
720 2007 790 2045 pro
812 1993 889 2032 tuis
907 1991 1090 2030 maximis
1110 1991 1238 2030 claris-

116 2044 298 2106 simisque
317 2047 534 2095 virtutibus,
561 2049 781 2086 multitudo.
810 2047 1015 2086 Habemus
1034 2045 1151 2084 etiam
1174 2058 1235 2082 ra-

115 2098 256 2138 tionem
274 2100 328 2138 rei
355 2101 555 2140 famiharis
578 2109 670 2150 tuae,
690 2115 809 2162 quam
836 2100 1012 2162 dissipari
1034 2099 1229 2138 nolumus.

117 2152 237 2200 Nam,
257 2154 326 2192 etsi
343 2155 492 2194 nullam
510 2163 634 2207 potest
661 2155 828 2207 accipere
846 2154 1044 2214 injuriam,
1065 2166 1152 2213 quae
1171 2152 1233 2189 fu-

118 2213 202 2244 tura
220 2215 402 2259 perpetua
421 2209 482 2253 sit,
503 2216 714 2261 propterea,
730 2208 834 2260 quod
852 2221 977 2259 neque
989 2207 1036 2254 is,
1051 2206 1119 2258 qui
1135 2213 1238 2244 tenet
