1501 2407
292 75 371 114 218
465 72 550 112 AD
577 71 875 113 DIVERSOS.
905 73 1005 113 1211!-
1037 73 1161 113 VIII.
1191 75 1230 114 2.

291 182 374 222 foro
401 188 482 220 toto
509 181 704 221 maximus
730 194 862 220 rumor
885 181 1015 231 fuerit,
1041 189 1080 221 te
1103 196 1127 221 a
1144 182 1198 230 Q.
1222 181 1408 234 Pompeio

290 237 334 275 in
355 235 489 275 itinere
505 236 685 275 occisum.
713 236 801 287 Ego
821 235 909 288 (qui
934 236 1082 286 scirem,
1103 236 1155 285 Q.
1175 237 1409 288 Pompeium

293 291 432 330 Baulis
462 290 749 329 embaeneticam
778 290 914 337 facere,
947 297 984 328 et
1016 303 1139 342 usque
1175 303 1234 339 eo,
1265 298 1311 330 ut
1340 303 1411 342 ego

293 345 489 383 misererer
508 345 589 394 ejus
608 344 762 394 esuriei)
793 357 870 382 non
900 356 986 383 sum
1005 352 1219 383 commotus
1233 359 1245 383 ε
1274 352 1312 383 et
1339 345 1413 383 hoc

293 398 505 448 mendacio,
519 399 551 437 si
562 412 639 450 qua
656 399 825 450 pericula
837 398 906 437 tibi
919 399 1197 450 impenderent,
1211 406 1257 437 ut
1274 398 1414 437 defun-

295 466 487 505 geremur,
518 453 658 504 optavi.
704 453 873 491 Plancus
902 453 1060 504 quidem
1096 460 1187 492 tuus
1216 454 1414 492 Ravennae

294 514 375 552 est3
409 514 459 554 et,
479 519 620 558 magno
639 507 828 558 congiario
839 507 1002 545 donatus
1016 520 1039 545 a
1058 507 1221 554 Caesare,
1241 520 1311 546 nec
1323 508 1417 545 bea—

292 568 357 599 tus
375 573 444 599 nec
461 562 558 599 bene
585 561 794 600 instructus
813 568 881 600 est.
909 561 991 600 Tui
1015 561 1160 613 politici
1181 561 1270 600 libri
1289 560 1415 600 omni-

295 617 368 654 bus
385 615 527 667 vigent.
558 615 672 655 Vale.

497 776 587 830 (2.)
616 776 837 818 cOELrus
865 776 1147 818 CICERONI
1175 777 1218 818 s.

351 885 678 938 (Argumentum.
697 911 753 919 --
771 886 941 925 Nuntiat
959 886 1006 924 de
1028 885 1204 925 absoluto
1227 884 1414 934 Messala„
1473 898 1478 906 ·

296 940 456 991 ejusque
475 940 669 979 defensore
695 940 903 980 Hortensio
921 954 945 978 a
966 940 1110 993 populo
1127 940 1230 979 male
1249 948 1414 992 accepto.

292 994 502 1097 ggffliugg
522 1008 563 1034 re
579 995 750 1047 publica,
776 1002 814 1033 et
832 995 880 1034 de
904 994 983 1034 suis
1001 995 1042 1033 in
1061 994 1242 1034 aedilitate
1263 1006 1417 1047 compe-

351 1156 499 1206 Certe,'
488 1171 664 1209 mquam,
677 1158 873 1197 absolutus
886 1166 962 1206 est3
975 1171 1039 1197 me
1049 1163 1235 1211 praesente
1245 1169 1417 1210 pronun-

295 1210 436 1250 tiatum
456 1219 524 1259 est,
545 1219 582 1250 et
600 1212 756 1264 quidem
771 1213 951 1253 omnibus
970 1212 1181 1261 ordinibus,
1198 1220 1236 1251 et
1253 1211 1416 1264 singulis

296 1265 338 1303 in
356 1278 590 1318 unoquoque
607 1266 739 1305 ordine
757 1268 962 1306 sententiis.
992 1267 1093 1306 Vide
1117 1266 1247 1315 modo,
1270 1266 1413 1318 inquis.

296 1319 405 1368 Non,
426 1321 687 1359 mehercules·
717 1321 816 1360 nihil
845 1322 948 1360 enim
969 1334 1144 1373 unquam
1167 1328 1247 1359 tarn
1277 1328 1415 1373 praeter

295 1373 530 1425 opinionem,
551 1382 631 1413 tam
651 1375 755 1427 quod
779 1375 969 1414 videretur
987 1374 1166 1414 omnibus
1191 1374 1413 1425 indignum,

295 1427 443 1467 accidit.
473 1429 582 1477 Quin
605 1442 688 1480 ego,
709 1442 799 1468 cum
823 1443 894 1481 pro
921 1430 1090 1468 amicitia
1108 1429 1339 1468 validissime
1357 1429 1416 1467 fa-

296 1494 424 1520 verem
457 1483 505 1531 ei,
538 1490 574 1521 et
602 1496 666 1521 me
691 1485 774 1533 jam
799 1484 849 1521 ad
877 1484 1086 1522 dolendum
1115 1481 1412 1535 praeparassem·
1399 1511 1413 1529 ‚

293 1543 499 1588 postquam
528 1537 674 1576 factum
699 1545 769 1585 est,
793 1539 989 1590 obstupui,
1021 1545 1059 1576 et
1083 1537 1181 1576 mihi
1202 1537 1306 1579 visus
1328 1549 1415 1575 sum

296 1598 429 1640 captus
460 1603 548 1629 esse.
579 1591 689 1639 Quid
714 1592 807 1630 alios
831 1595 978 1644 putas?
1009 1592 1252 1631 Clamoribus
1274 1591 1417 1630 scilicet

295 1644 477 1682 maximis
492 1645 639 1693 judices
658 1646 936 1697 corripuerunt,
963 1653 1001 1685 et
1018 1645 1279 1693 ostenderunt,
1300 1645 1417 1696 plane

294 1710 389 1745 esse,
411 1699 515 1761 quod
543 1699 633 1737 ferri
651 1712 729 1737 non
747 1707 884 1751 posset.
913 1701 1053 1752 Itaque
1071 1699 1224 1739 relictus
1241 1700 1326 1750 lege
1345 1699 1416 1737 Li-

294 1751 410 1798 cinia,
430 1754 574 1802 majore
593 1766 672 1791 esse
689 1754 858 1805 periculo
876 1754 1038 1793 videtur.

347 1807 520 1844 Accessit
532 1807 622 1855 huc,
644 1808 761 1859 quod,
775 1808 954 1860 postridie
969 1810 1050 1858 ejus
1065 1807 1385 1854 absolutionem,
1373 1819 1415 1845 m

292 1860 486 1898 theatrum
500 1860 676 1900 Curionis
689 1862 920 1901 Hortensius
936 1863 1104 1908 introiit3
1121 1869 1224 1923 ’puto
1238 1869 1283 1900 ut
1301 1873 1416 1900 suum

292 1928 366 1966 gau
372 1914 481 1952 dium
495 1915 761 1966 gauderemus.
792 1917 873 1955 Hic
884 1917 955 1955 tibi
975 1920 1003 1939 “
1016 1916 1209 1968 strepitus,
1223 1915 1414 1963 fremitus,

292 1969 438 2008 clamor
455 1969 682 2016 tonitruum,
700 1977 737 2008 et
754 1970 962 2009 rudentum
980 1970 1156 2009 sibilus?
1185 1970 1274 2008 Hoc
1292 1969 1417 2020 magis

291 2022 600 2061 animadversum
621 2032 689 2071 est,
711 2024 815 2076 quod
832 2024 997 2063 intactus
1016 2038 1040 2063 a
1057 2023 1168 2063 sibilo
1192 2029 1416 2075 pervenerat

292 2077 523 2116 Hortensius
552 2077 602 2115 ad
630 2085 874 2117 senectutem.
903 2079 980 2118 Sed
1003 2089 1087 2117 tum
1105 2078 1161 2116 ita
1179 2079 1289 2127 bene,
1309 2084 1354 2115 ut
1371 2076 1413 2115 in

290 2138 411 2170 totam
430 2131 549 2170 vitam
569 2130 689 2171 cuivis
707 2132 797 2172 satis
816 2139 926 2182 esset,
947 2141 985 2172 et
1002 2131 1201 2185 poeniteret
1218 2143 1308 2171 eum
1327 2131 1412 2182 jam

287 2184 430 2225 vicisse.
