1501 2407
228 146 303 183 106
410 145 495 184 AD
525 145 818 186 DIVERSOS.
851 145 949 185 Iam.
981 144 1055 184 IV.
1089 144 1150 184 13.

205 256 311 292 scum
340 253 544 305 sepulturae
574 254 674 293 intra
703 256 836 294 urbem
870 262 915 293 ut
945 254 1092 301 darent,
1130 254 1333 304 impetrare

220 318 298 345 non
315 308 437 358 potui,
457 308 560 361 quod
579 308 759 360 religione
785 322 825 347 se
846 308 1022 360 impediri
1044 308 1235 346 dicerent:
1266 318 1333 344 ne-

220 374 296 412 que
324 368 452 400 tamen
481 362 521 400 id
550 370 662 401 antea
690 363 871 414 cuiquam
900 368 1171 400 concesserant.
1213 359 1332 408 Quod

219 415 440 466 proximum
459 416 545 464 fuit,
566 416 637 465 uti,
657 417 696 454 in
712 429 789 468 quo
807 416 992 455 vellemus
1009 414 1224 467 gymnasio,
1240 411 1331 452 euin

219 469 478 519 sepeliremus,
498 471 606 509 nobis
634 470 899 522 permiserunt.
929 470 1014 508 Nos
1032 470 1073 507 in
1095 467 1333 507 nobilissimo

217 523 318 561 orbis
343 531 527 562 terrarum
560 524 758 576 gymnasio
786 523 1009 563 Academiae
1036 524 1165 562 locum
1190 520 1332 572 delegi-

217 589 320 625 mus,
342 577 473 629 ibique
501 591 588 617 eum
615 578 920 617 combussimus:
951 584 1156 630 posteaque
1185 575 1333 614 curavi-

219 642 321 678 mus,
340 638 384 669 ut
401 632 517 670 iidem
535 632 789 671 Athenienses
806 633 846 670 in
866 631 999 670 eodem
1016 632 1099 670 loco
1118 630 1333 668 monimen-

219 690 303 722 tum
332 685 366 723 ei
394 698 653 724 marmoreum
679 686 896 724 faciendum
926 686 1104 724 locarent.
1135 684 1212 730 Ita,
1244 696 1332 735 quae

217 745 344 776 nostra
368 739 489 778 officia
510 740 691 785 fuerunt,
706 752 774 791 pro
793 739 950 790 collegio
977 748 1015 776 et
1031 737 1329 790 propinquitate,

216 798 254 829 et
283 792 368 830 vivo
392 800 429 831 et
457 801 608 832 mortuo
635 793 765 831 omnia
787 793 820 831 ei
845 792 1102 844 praestitimus.
1133 792 1243 830 Vale.
1275 790 1328 829 D.

216 858 273 896 pr.
295 846 378 885 Cal.
397 847 427 885 J
430 860 494 884 un.
515 847 693 885 Athenis.

196 982 230 1056 ’(
249 1004 331 1053 13.)
362 1005 424 1044 M.
442 1006 493 1044 T.
518 1007 562 1046 c.
592 1007 632 1046 s.
653 1007 708 1045 D.
750 1008 796 1045 P.
828 1005 1068 1046 NIGIDIO
1097 1005 1328 1045 menno.

268 1115 594 1166 (Argumentum.
619 1140 675 1148 -
696 1114 950 1153 Exsulantem
974 1113 1181 1165 Nigidium
1199 1124 1330 1152 conso-

212 1169 327 1216 latur,
361 1178 550 1221 quantum
581 1177 718 1220 potest,
752 1168 820 1220 qui
849 1169 889 1206 in
927 1167 1061 1207 eadem
1092 1167 1208 1206 causa
1236 1165 1325 1204 fuit.

212 1223 331 1274 Spem
361 1231 490 1262 tamen
520 1223 642 1261 futuri
671 1222 812 1261 reditus
844 1236 891 1261 ex
920 1223 1031 1261 certis
1063 1221 1180 1272 signis
1209 1219 1325 1264 facit;

213 1276 436 1315 conditionis
474 1277 643 1328 pristinae
688 1276 810 1315 facere
857 1288 934 1315 non
969 1282 1106 1328 potest.
1155 1274 1325 1326 Ideoque

213 1338 417 1383 utramque
435 1329 629 1370 fortunam
647 1343 695 1369 ex
715 1343 825 1382 aequo
843 1330 1038 1369 ferendam
1055 1326 1265 1378 hortatur.)

263 1438 463 1487 Quaerenti
491 1438 589 1477 mihi
617 1438 783 1488 jamdiu,
815 1437 909 1489 quid
934 1437 984 1476 ad
1015 1444 1053 1476 te
1081 1435 1326 1488 potissimum

209 1493 425 1540 scriberem,
446 1505 523 1531 non
548 1493 663 1530 modo
685 1500 786 1530 certa
809 1504 868 1530 res
892 1493 1015 1539 nulla,
1043 1491 1111 1529 sed
1133 1503 1182 1528 ne
1203 1502 1326 1541 genus

205 1547 366 1598 quidem
396 1547 592 1585 literarum
621 1546 823 1592 usitatum,
861 1546 1037 1584 veniebat
1067 1545 1108 1582 in
1137 1551 1323 1582 mentem.

208 1601 342 1640 Unam
361 1601 463 1639 enim
481 1609 629 1652 partem
648 1608 684 1638 et
703 1599 1017 1638 consuetudinem
1036 1611 1168 1637 earum
1188 1598 1326 1649 episto-

207 1653 350 1704 larum,
366 1655 518 1706 quibus,
536 1654 708 1693 secundis
720 1655 846 1701 rebuS,
862 1654 920 1691 uti
931 1654 1160 1699 solebamus,
1175 1659 1328 1703 tempus

207 1708 419 1760 eripuerat:
448 1708 729 1760 perfeceratque
758 1707 926 1757 fortuna,
945 1720 995 1746 ne
1024 1706 1119 1758 quid
1138 1706 1213 1744 tale
1231 1705 1324 1744 scri-

206 1762 295 1801 bere
323 1776 486 1814 possem,
517 1770 585 1800 aut
617 1762 774 1800 omnino
805 1762 984 1812 cogitare.
1015 1760 1323 1812 Relinquebatur

204 1816 310 1855 triste
328 1817 523 1868 quoddam
549 1824 587 1854 et
609 1816 807 1863 miserum,
832 1823 869 1854 et
890 1816 950 1854 his
974 1815 1209 1866 temporibus
1231 1825 1322 1851 con-

204 1878 444 1917 sentaneum,
471 1882 592 1919 genus
620 1870 830 1906 literarum.
862 1869 912 1906 Id
941 1881 1096 1920 quoque
1124 1867 1322 1906 deficiebat

203 1935 294 1969 me;
324 1923 365 1960 in
394 1936 471 1974 quo
497 1922 657 1961 debebat
682 1935 760 1960 esse
785 1929 852 1959 aut
873 1922 1074 1973 promissio
1098 1921 1234 1959 auxilii
1251 1920 1322 1959 ali-

203 1978 329 2027 cujus,
359 1985 427 2015 aut
451 1977 656 2016 consolatio
685 1976 824 2014 doloris
854 1976 924 2014 tui.
957 1975 1076 2024 Quod
1109 1975 1320 2027 pollicerer,

202 2043 280 2069 non
299 2039 390 2070 erat.
421 2030 511 2082 Ipse
539 2030 655 2078 enim,
679 2031 762 2081 pari
779 2029 934 2068 fortuna
951 2031 1135 2079 abjectus,
1156 2029 1319 2067 aliorum

205 2085 342 2136 opibus
372 2097 479 2123 casus
510 2096 614 2123 meos
649 2085 936 2129 sustentabam3
971 2084 1183 2135 saepiusque
1218 2081 1316 2120 mihi

203 2138 378 2177 veniebat
402 2138 443 2176 in
473 2145 642 2176 mentem
661 2138 783 2189 queri,
803 2137 908 2189 quod
930 2137 987 2176 ita
1004 2138 1184 2183 viverem,
1203 2147 1322 2188 quam

199 2192 381 2243 gaudere,
401 2192 505 2244 quod
524 2191 702 2230 viverem.

249 2245 498 2298 Quamquam
530 2246 630 2284 enim
663 2246 771 2284 nulla
799 2258 862 2283 me
887 2245 1014 2296 ipsum
1045 2243 1223 2296 privatim
1246 2257 1312 2296 pe-
