1481 2422
295 86 381 126 AD
409 84 714 127 DIVERSOS.
743 85 846 124 Lm.
868 86 947 125 IX.
980 87 1046 124 26.
1158 86 1238 129 279

103 195 204 247 quit,
228 196 258 219 ‘⁴
276 207 356 234 non
383 195 527 234 habeor
554 209 579 234 a
606 194 775 234 Laide?
815 195 950 234 Graece
971 195 1045 234 hoc
1072 193 1239 233 melius:

104 257 163 298 tu,
189 250 222 289 si
239 250 360 299 voles,
382 250 694 301 interpretabere.
730 249 804 288 Me
829 262 920 288 vero
939 250 1038 288 nihil
1062 250 1241 296 istorum,

102 315 153 343 ne
177 305 364 355 juvenem
393 304 568 357 quidem,
596 305 720 343 movit
744 316 948 356 unquam3
978 317 1028 342 ne
1052 316 1156 342 nunc
1183 315 1243 341 se-

103 369 206 397 nem.
237 359 426 398 Convivio
445 358 612 398 delector
624 373 637 398 ε
667 359 723 398 ibi
740 359 892 411 loquor,
914 359 1019 410 quod
1037 358 1078 396 in
1097 358 1239 406 solum,

102 419 149 451 ut
166 412 333 460 dicitur;
364 420 403 452 et
427 413 618 465 gemitum
646 413 688 452 in
711 413 809 452 risus
828 413 1021 452 maximos
1040 412 1240 451 transfero.

102 469 173 506 An
191 475 236 506 tu
255 467 295 506 id
309 468 466 515 melius,
488 468 557 520 qui
572 468 688 506 etiam
703 468 744 506 in
758 468 1036 520 philosophum
1052 466 1210 505 irriseris
1221 466 1240 503 ’τ’

102 533 194 560 cum
212 522 292 574 ille,
315 522 347 562 si
367 522 455 575 quis
475 522 572 575 quid
591 530 793 575 quaereret,
820 522 1005 569 dixisset;
1036 534 1183 560 coenam
1203 528 1242 560 te

103 589 275 628 quaerere
307 591 332 616 a
353 589 470 616 mane
499 577 655 616 dixeris.
689 577 763 616 Ille
781 579 875 616 baro
894 583 931 616 te
949 578 1112 629 putabat
1137 589 1244 627 quae-

102 631 283 681 siturum,
296 644 423 670 unum
438 632 577 671 coelum
597 640 706 681 esset,
723 645 773 670 an
793 631 1102 671 innumerabilia.
1133 629 1244 678 Quid

101 685 153 724 ad
171 693 210 725 te
226 688 244 726 ?
273 687 335 725 At
354 687 543 736 (hercule)
559 699 665 726 coena
683 686 880 739 numquid
898 687 947 725 ad
966 694 1004 726 te
1020 688 1037 725 ?
1068 685 1124 725 ibi
1141 698 1242 738 prae-

105 748 253 780 sertlm.

158 796 223 835 Sic
248 796 368 848 igitur
393 796 563 835 vivitur:
604 796 776 849 quotidie
808 794 957 847 aliquid
985 795 1142 847 legitur,
1169 801 1239 833 aut

102 849 308 890 scribitur:
348 851 452 900 dein,
484 864 534 890 ne
560 851 693 890 amicis
719 850 818 889 nihil
847 851 1077 897 tribuamus,
1107 849 1242 902 epula-

104 917 196 944 mur
214 905 308 955 ιωὲ,
329 918 406 944 non
426 905 544 945 modo
562 918 641 945 non
668 913 798 945 contra
821 905 963 956 legem,
985 905 1017 943 si
1036 905 1118 943 ulla
1134 903 1242 942 'nunc

102 959 168 999 lex
188 967 259 1009 est,
281 960 346 999 sed
366 960 483 999 etiam
501 960 603 1002 intra
620 961 762 1012 legem,
790 968 827 998 et
846 960 1005 1012 quidem
1026 960 1238 1011 aliquanto.

105 1014 240 1063 Quare
271 1015 370 1054 nihil
395 1023 465 1063 est,
495 1015 601 1067 quod
627 1015 838 1053 adventum
860 1022 1037 1053 nostrum
1061 1014 1242 1053 extimes-

103 1081 184 1164 cffi
215 1069 310 1110 Non
336 1070 453 1110 multi
476 1070 554 1111 cibi
571 1069 767 1124 hospitem
786 1069 975 1124 accipies3
1005 1069 1122 1110 multi
1146 1067 1238 1121 joci.

185 1136 218 1163 e·
