1481 2422
215 107 294 147 250
424 104 503 147 AD
533 103 830 148 DIVERSOS.
860 103 960 147 Lm.
984 102 1060 148 IX.
1082 103 1130 143 ⁷6.

216 215 399 252 culanum
425 221 513 257 ante
536 214 672 257 Nonas
697 212 887 261 veniendi,
906 211 991 255 istic
1019 219 1058 250 te
1087 210 1250 251 videbo:
1281 210 1339 248 sin

216 268 361 316 minus,
384 281 590 320 persequar
614 267 655 306 in
685 267 935 306 Cumanum:
966 274 1004 304 et
1034 273 1123 304 ante
1149 272 1188 304 te
1209 264 1344 304 certio-

219 335 302 362 rem
320 322 474 371 faciam,
495 330 541 364 ut
557 321 699 361 lavatio
717 329 852 374 parata
870 322 930 360 sit.
967 320 1080 364 Vale.

465 481 548 532 (6.)
580 481 793 523 CICERO
824 479 1110 520 VARRONI.

271 590 652 641 (Argumentum—
676 575 837 629 Caeseris
865 603 915 629 ex
932 588 1120 633 Africano
1146 587 1249 630 bello
1276 585 1344 625 ad·

218 652 379 682 ventum
398 645 579 683 nuntiat:
610 652 647 683 et
665 644 758 683 beni
776 644 897 683 civilis
921 656 1076 682 causam
1101 642 1143 687 in
1162 640 1345 693 Pompei-

219 711 288 736 um
315 699 456 750 potius,
487 712 608 751 quam
635 699 677 737 in
705 699 910 745 Caesarem,
941 697 1098 737 confert.
1127 696 1343 736 Varronem

218 759 349 790 autem
366 753 514 801 laudat,
542 753 648 805 quod
672 766 711 792 se
736 755 784 792 ab
813 752 929 792 armis
954 752 1006 791 ad
1031 750 1172 799 studia,
1192 749 1305 802 quasi
1322 761 1345 787 a
1408 770 1411 777 ·

219 813 444 858 tempestate
463 808 503 847 in
522 815 697 860 portum,
717 804 965 856 contulerat.)

273 915 462 956 Caninius
482 923 608 956 noster
626 929 690 955 me
709 917 786 956 tuis
804 916 930 956 verbis
948 913 1165 961 admonuit,
1185 919 1231 952 ut
1255 911 1346 952 scri-

218 971 349 1009 berem
379 971 428 1009 ad
460 978 511 1016 te,
543 971 574 1008 si
604 970 700 1022 quid
730 978 839 1020 esset,
864 970 970 1022 quod
990 976 1168 1021 putarem
1186 975 1226 1007 te
1253 967 1347 1007 scire

218 1032 402 1075 oportere.
430 1024 505 1063 Est
523 1025 640 1076 igitur
666 1024 854 1064 adventus
873 1023 1035 1064 Caesaris
1061 1022 1202 1067 scilicet
1218 1021 1262 1061 in
1278 1034 1347 1061 ex-

217 1079 475 1130 spectatione:
506 1091 632 1131 neque
660 1087 704 1117 tu
726 1079 767 1117 id
791 1079 955 1130 ignoras.
993 1077 1071 1118 sed
1092 1085 1237 1125 tamen,
1257 1087 1347 1114 cum

216 1132 283 1170 ifle
302 1133 523 1186 scripsisset,
551 1141 596 1171 ut
619 1133 768 1184 opinor,
796 1146 836 1171 se
854 1133 895 1171 in
913 1131 1093 1171 Alsiense
1111 1138 1345 1175 venturum;

218 1187 450 1238 scripserunt
468 1187 517 1225 ad
536 1200 626 1227 eum
645 1187 719 1236 sui,
739 1200 788 1226 ne
805 1187 847 1226 id
864 1187 1027 1230 faceretx
1047 1185 1192 1225 multos
1211 1184 1247 1223 ei
1263 1196 1349 1223 mo-

217 1241 332 1280 lestos
357 1241 451 1289 fore,
483 1241 690 1293 ipsumque
713 1242 859 1280 multis.
895 1240 1017 1280 Ostiae
1035 1239 1155 1279 videri
1177 1251 1348 1278 commo-

219 1295 307 1333 dius
336 1308 428 1334 eum
458 1296 562 1334 exire
598 1309 719 1347 posse.
771 1295 835 1343 Id,
864 1307 934 1346 ego
959 1307 1038 1335 non
1066 1293 1346 1345 intelligebam,

218 1349 315 1400 quid
333 1349 543 1389 interesset.
574 1350 651 1389 Sed
670 1357 800 1388 tamen
823 1349 979 1389 Hirtius
995 1348 1095 1390 mihi
1114 1347 1227 1396 dixit,
1248 1353 1286 1386 et
1307 1359 1347 1390 Se

217 1403 268 1441 ad
298 1416 403 1450 eum,
435 1411 472 1442 et
501 1405 674 1447 Balbum
697 1411 735 1442 et
762 1403 956 1456 Oppium,
987 1402 1191 1461 scripsisse,
1219 1407 1265 1441 ut
1293 1400 1348 1443 ita

216 1457 369 1505 faceret,
389 1458 579 1506 homines,
600 1466 644 1496 ut
663 1458 836 1510 cognovi,
866 1464 1039 1496 amantes
1058 1456 1128 1495 tui.
1169 1455 1259 1494 Hoc
1277 1468 1349 1507 ego

217 1511 357 1550 ideirco
387 1515 498 1551 nosse
523 1520 561 1552 te
580 1512 698 1559 volui,
725 1520 770 1551 ut
793 1512 918 1560 scires,
947 1509 1159 1562 hospitium
1183 1509 1255 1549 tibi
1279 1509 1349 1548 ubi

216 1579 384 1617 parares,
405 1567 465 1605 vel
491 1567 619 1618 potius
645 1566 714 1605 ubi
734 1567 914 1618 utrique:
945 1565 1041 1626 quid
1059 1565 1163 1615 enim
1185 1563 1252 1603 ine
1269 1563 1350 1607 fac·-

217 1629 327 1658 turus
346 1621 408 1669 sit,
436 1620 626 1664 incertum
645 1629 723 1660 est:
756 1629 795 1659 et
820 1621 939 1661 simul
966 1619 1152 1662 ostentavi
1178 1618 1264 1668 tibi,
1283 1630 1348 1664 me

216 1674 300 1713 istis
332 1688 412 1713 esse
440 1674 686 1723 familiarem,
716 1683 754 1714 et
784 1675 951 1714 consiliis
984 1686 1118 1721 eorum
1154 1672 1346 1716 interesse-

218 1728 339 1776 Quod
371 1742 441 1780 ego
470 1742 537 1768 cur
564 1729 700 1778 nolim,
735 1729 834 1771 nihil
862 1729 984 1768 video.
1032 1728 1127 1770 Non
1158 1727 1263 1770 enim
1292 1733 1349 1767 est

217 1783 336 1831 idem,
367 1783 478 1830 ferre,
510 1784 542 1822 si
571 1783 667 1835 quid
699 1783 902 1823 ferendum
933 1790 1003 1832 est,
1035 1789 1072 1822 et
1103 1783 1280 1834 probare,
1315 1780 1348 1824 Si

216 1837 313 1888 quid
331 1838 576 1889 probandum
602 1851 679 1876 non
706 1846 773 1877 est.
809 1838 911 1886 Etsi,
941 1837 1037 1890 quid
1063 1849 1142 1878 non
1170 1836 1346 1888 probem,

218 1890 391 1942 quidem,
422 1892 562 1940 neseio,
596 1900 734 1944 praeter
761 1892 870 1931 initia
896 1905 1053 1934 rerum:
1085 1903 1175 1935 nam
1198 1890 1282 1930 haec
1309 1889 1351 1933 in

216 1945 414 1988 voluntate
432 1946 600 1985 fuerunt.
633 1947 728 1987 Vidi
752 1947 857 1986 enim
883 1953 993 1989 (nam
1018 1953 1061 1984 tu
1080 1946 1230 1992 aberas)
1256 1955 1349 1985 nos-

216 2006 295 2044 tros
323 2000 465 2039 amicos
494 2014 632 2052 cupere
660 2001 836 2050 bellunm
869 2001 976 2043 hunc
1002 2007 1134 2045 autem
1162 2011 1241 2039 non
1263 2004 1347 2045 tam

214 2065 367 2104 cupere,
399 2067 518 2106 quam
544 2067 623 2095 non
651 2055 803 2103 timere,
840 2056 952 2107 (ergo
975 2054 1060 2095 haee
1087 2052 1234 2096 consilii
1260 2051 1348 2095 fue-

214 2114 321 2155 runt,
360 2109 510 2161 reliqua
540 2107 795 2159 necessaria);
835 2109 985 2153 vinoexe
1013 2116 1145 2152 autem
1179 2113 1248 2149 aut
1276 2105 1347 2149 hus

211 2169 280 2207 aut
297 2162 398 2211 isses,
419 2175 568 2205 necesse
586 2176 679 2205 ὤεα.

262 2215 349 2255 Scio
367 2224 404 2261 ve
429 2230 580 2270 sempe?
597 2230 751 2264 mecum
772 2217 811 2256 in
835 2218 945 2264 luctu
968 2216 1102 2264 fuisse,
1126 2227 1218 2261 cum
1236 2213 1340 2258 vide-
