1501 2407
296 106 385 149 AD
413 104 710 147 DIVERSOS.
739 106 840 145 Lm.
869 105 946 145 VI.
974 106 1012 144 6.
1138 106 1212 145 159

97 212 184 254 lum
201 212 358 254 omnino
373 213 518 253 fuisset.
559 214 762 254 Rationem
782 213 914 253 haberi
938 212 1116 262 absentis,
1136 224 1213 251 non

101 275 182 306 tam
198 269 368 320 pugnavi
385 275 430 307 ut
456 269 597 318 liceret,
624 282 741 320 quam
760 276 818 314 ut,
838 268 1006 320 quando,
1025 268 1108 319 ipso
1126 280 1214 307 0011-

99 322 183 362 sule
199 330 407 373 pugnante,
427 324 593 374 populus
608 324 785 372 jusserat,
805 323 1017 361 haberetur.

155 376 283 414 Causa
299 384 382 414 orta
400 377 490 415 belli
504 384 570 416 est.
600 377 708 425 Quid
727 390 796 428 ego
807 376 1032 427 praetermisi
1049 384 1117 415 aut
1130 389 1214 415 mo-

99 429 270 468 nitorum
289 439 356 468 aut
373 432 630 482 querelarum,
650 444 739 470 cum
758 431 819 469 vel
841 430 1120 482 iniquissimam
1145 444 1215 482 pa-

96 495 185 523 cem
200 483 409 534 justissimo
423 486 522 523 bello
540 485 763 523 anteferrem
774 487 792 524 Ρ
816 484 930 523 Victa
944 492 1000 522 est
1013 486 1214 524 auctoritas

101 549 203 585 mea,
221 550 299 577 non
316 545 397 576 tam
416 551 439 576 a
457 539 642 591 Pompeio
661 542 767 584 (nam
786 539 818 578 is
836 540 1076 587 movebatur)
1096 551 1214 590 quam

99 592 150 631 ab
177 591 238 641 iis,
270 592 351 644 qui,
371 592 467 631 duce
487 593 671 644 Pompeio
696 593 796 641 freti,
827 600 1150 645 peropportunam
1178 599 1215 631 et

100 646 214 684 rebus
232 645 446 685 domesticis
465 654 502 686 et
519 647 788 699 cupiditatibus
807 647 884 687 suis
901 647 1010 686 illius
1028 647 1120 686 belli
1137 647 1215 686 vic-

96 699 237 738 tor-lam
254 700 334 739 fore
350 702 549 752 putabant.

155 754 380 806 Susceptum
401 755 547 794 bellum
567 762 636 805 est,
657 755 871 816 quiescente
888 767 980 801 meg
1009 755 1214 807 depulsum

100 819 150 846 ex
168 807 298 856 Italia,
318 815 497 847 manente
510 821 587 858 me,
607 809 740 870 quoad.
750 808 882 861 potui·
905 809 969 848 sed
981 810 1100 848 valuit
1111 808 1216 861 apud

100 873 166 901 me
183 862 271 913 plus
288 862 411 914 pudor
428 875 551 912 meus,
571 876 690 915 quam
714 863 840 901 timor.
869 863 1025 902 Veritus
1044 876 1129 901 sum
1149 863 1217 902 de-

103 927 183 954 esse
198 916 373 968 Pompeii
386 917 513 964 saluti,
534 930 623 955 cum
640 918 705 955 ille
719 917 925 968 aliquando
942 929 1018 955 non
1037 917 1218 955 defuisset

102 970 389 1022 meae.1taque
407 971 468 1008 iel
486 970 622 1019 officio,
642 972 703 1010 vel
719 971 826 1009 fama
842 972 1045 1033 bonorum,
1066 972 1126 1010 vel
1143 985 1218 1024 pu·-

102 1023 193 1062 dore
211 1023 346 1071 victus,
366 1031 411 1063 ut
427 1023 468 1071 111
486 1025 625 1063 fabulis
643 1025 920 1076 Amphiaraus,
948 1026 1000 1064 sic
1012 1038 1101 1087 ego,
1122 1039 1217 1077 pru-

103 1077 197 1116 dens
215 1086 252 1117 et
270 1078 402 1127 sciens,
431 1065 480 1118 ad
503 1085 648 1130 pestem
676 1089 763 1117 ante
788 1080 916 1117 oculos
941 1080 1103 1132 positam
1129 1092 1216 1118 sum

101 1132 304 1185 profectus.
334 1131 427 1180 Quo
457 1132 497 1171 in
526 1133 628 1172 bello
655 1133 754 1171 nihil
781 1133 853 1171 adv
856 1133 927 1172 ersi
958 1134 1105 1181 accidit,
1138 1145 1217 1172 non

102 1187 328 1237 praedicente
345 1199 419 1224 me.
453 1186 599 1236 Quare,
619 1200 722 1235 cum,
743 1194 787 1225 ut
805 1200 967 1239 augures
985 1195 1023 1226 et
1040 1188 1219 1239 astrologi

100 1240 239 1288 solent,
256 1253 325 1291 ego
339 1253 505 1292 quoque,
521 1254 644 1302 augur
661 1242 852 1293 publicuS,
873 1253 920 1279 ex
934 1242 1030 1280 meis
1048 1242 1218 1293 superio-

102 1293 210 1333 ribus
226 1294 414 1345 praedictis
433 1295 610 1333 constitui
627 1295 731 1347 apud
754 1303 792 1333 te
815 1295 1077 1334 auctoritatem
1095 1309 1219 1347 augu-

103 1347 151 1386 rii
169 1355 205 1386 et
223 1348 464 1387 divinationis
481 1361 602 1397 mcae;
633 1349 786 1389 debebit
803 1349 942 1388 habere
955 1349 1071 1389 fidem
1088 1358 1219 1389 nostra

102 1402 308 1453 praedictio.

157 1456 252 1495 Non
269 1456 387 1508 igitur
405 1470 453 1496 ex
470 1457 570 1496 alitis
594 1457 780 1507 involatu,
800 1470 870 1497 nec
894 1471 915 1498 e
932 1465 1046 1497 cantu
1066 1458 1218 1497 sinistro

103 1509 254 1559 oscinis,
275 1519 320 1549 ut
336 1511 377 1549 in
396 1513 526 1550 nostra
550 1512 750 1564 disciplina⁴
768 1520 838 1560 est,
869 1525 938 1551 nec
968 1526 1016 1551 ex
1040 1513 1218 1564 tripudiis

105 1564 311 1625 solistimis,
333 1570 400 1603 aut
419 1566 585 1615 soniviis,
606 1567 676 1605 tibi
693 1579 884 1628 auguror:
914 1567 980 1605 sed
1000 1567 1123 1605 habeo
1140 1567 1217 1605 alia

105 1617 228 1669 signa,
259 1633 346 1671 quae
370 1621 590 1667 observem,
620 1634 707 1672 quae
735 1621 804 1659 etsi
831 1633 908 1659 non
939 1629 1029 1660 sunt
1060 1621 1217 1659 certiora

104 1672 195 1721 11113,
210 1673 340 1712 minus
357 1681 487 1712 tamen
500 1675 643 1713 habent
654 1675 715 1713 vel
725 1675 978 1723 obscuritatis,
995 1675 1055 1714 vel
1069 1675 1215 1713 erroris.

105 1726 303 1766 Notantur
331 1734 461 1766 autem
489 1728 586 1766 mihi
611 1729 659 1767 ad
678 1729 929 1767 divinandum
948 1730 1055 1781 signa
1073 1729 1218 1781 duplici

101 1780 276 1832 quadam
294 1781 380 1828 via3
411 1795 576 1834 quarum
595 1784 752 1821 alteram
772 1783 869 1822 duco
888 1797 911 1822 a
934 1784 1082 1822 Caesare
1106 1783 1214 1835 ipso·
1202 1812 1214 1830 ,

105 1835 266 1873 alteram
285 1848 306 1874 e
324 1843 541 1887 temporum
555 1837 610 1876 civ
614 1837 724 1875 ilium
743 1838 882 1875 natura
900 1846 1015 1890 atque
1032 1838 1189 1876 ratione.

56 1938 59 1941 Δ
161 1889 213 1927 Ι11
242 1889 391 1928 Caesare
418 1890 502 1929 haec
528 1899 642 1929 sunt.
670 1891 775 1929 mitis
799 1891 1040 1943 clemensque
1066 1899 1218 1938 natura,

104 1943 230 1995 qualis
248 1943 474 1995 exprimitur
490 1946 670 1996 praeclaro
687 1945 753 1983 illo
771 1946 870 1984 libro
889 1950 919 1968 “
934 1946 1218 1993 Querelarum''

104 2003 273 2036 tuarum.
315 1998 490 2047 Accedit,
510 1999 614 2050 quod
637 1999 796 2038 mirifice
821 2000 983 2051 ingeniis
1002 2000 1219 2039 excellenti-

104 2052 194 2099 bus,
206 2052 320 2103 quale
338 2059 394 2090 est
411 2059 538 2101 tuum,
554 2053 772 2092 delectatur.
801 2054 989 2092 Praeterea
1005 2054 1103 2093 cedit
1116 2055 1220 2092 mul-

102 2112 232 2144 torum
247 2106 362 2156 justis
380 2113 418 2144 et
434 2106 584 2146 officio
573 2108 748 2157 incensis,
769 2120 845 2146 non
863 2109 1041 2147 inanibus
1055 2116 1122 2146 aut
1137 2121 1220 2146 am-

103 2158 262 2209 bitiosis,
283 2161 555 2200 voluntatibus.
595 2163 644 2200 In
662 2175 741 2215 quo
757 2162 1000 2202 vehementer
1021 2175 1111 2202 eum
1130 2174 1221 2202 con-

104 2213 269 2254 sentiens
286 2214 444 2255 Etruria
461 2215 641 2256 movebit.
