1481 2422
313 108 398 149 AD
425 106 726 149 DIVERSOS.
753 107 856 148 Lm.
879 108 934 149 X.
962 110 1027 149 31.
1150 110 1231 150 319

102 218 296 268 volebam,
325 231 377 258 ne
406 218 448 257 in
466 217 646 258 extremis
665 230 800 268 essem,
830 219 946 271 plane
963 218 1132 271 pericula
1148 230 1227 258 non

101 272 323 312 dubitanter
351 273 441 311 adii.
483 272 673 312 Caesarem
691 285 781 311 vero
811 273 934 325 (quod
952 286 1029 322 me,
1057 273 1099 311 in
1117 273 1227 312 tanta

99 326 272 375 fortuna,
299 327 417 366 modo
446 327 656 379 cognitum,
686 328 1030 366 vetustissimorum
1058 327 1225 366 familia-

99 380 204 419 rium
223 382 306 421 loco
325 380 479 431 habuit)
501 381 620 421 dilexi
639 382 793 420 summa
811 395 901 421 cum
920 382 1059 433 pietate
1079 389 1115 420 et
1133 382 1221 421 fide.

155 435 257 484 Quae
275 434 362 474 mea
380 436 567 474 sententia
585 449 712 487 gerere
730 436 828 474 mihi
845 437 966 483 licuit,
998 436 1052 474 ita
1073 436 1158 485 feci,
1179 445 1223 474 ut

97 490 269 542 optimus
282 490 445 542 quisque
456 490 627 528 maxime
638 490 820 542 probarit.
850 490 968 539 Quod
977 491 1106 539 jussus
1119 503 1222 538 sum,

96 557 143 583 eo
162 552 334 597 tempore
352 553 468 596 atque
487 545 541 582 ita
558 545 644 591 feci,
664 553 710 583 ut
727 552 940 596 appareret,
960 545 1080 583 invito
1098 545 1223 596 impe-

94 605 226 637 ratum
245 612 334 638 esse.
379 600 502 649 Cujus
521 599 610 638 facti
628 599 877 649 injustissima
903 599 1047 637 invidia
1072 599 1222 638 erudire

94 664 158 691 me
176 654 316 705 potuit,
337 667 457 706 quam
472 653 646 703 jucunda
674 653 842 701 libertas,
875 661 910 692 et
937 666 1056 705 quam
1081 653 1222 692 misera

96 709 170 746 sub
190 708 450 747 dominatione
467 709 546 747 vita
565 715 671 747 esset.
706 708 782 756 Ita,
803 708 835 747 51
851 708 892 746 id
910 707 1051 759 agitur,
1072 714 1117 745 ut
1135 721 1221 746 rur-

96 774 161 800 sus
180 761 221 800 in
240 770 426 814 potestate
445 763 575 801 omnia
592 762 708 801 unius
727 762 827 809 sint;
858 762 1093 814 quicumque
1103 761 1135 800 is
1149 769 1218 811 est,

96 816 133 855 ei
150 829 214 855 me
230 817 409 868 profiteor
421 816 636 855 inimicum.
666 817 709 854 N
711 829 752 855 ec
770 816 985 868 periculum
1000 824 1056 854 est
1074 816 1216 866 ullum,

93 871 199 923 quod
217 884 286 922 pro
304 871 479 910 libertate
498 878 566 909 aut
583 870 773 922 refugiam
792 878 860 909 aut
878 871 1066 922 deprecer.

149 925 226 964 Sed
248 926 420 964 consules
445 938 570 977 neque
589 925 931 964 senatus-consulto
955 937 1081 976 neque
1098 923 1218 964 literis

91 987 351 1031 praeceperant
378 979 490 1028 mihi,
529 979 623 1031 quid
655 978 831 1018 facerem.
860 979 969 1018 Unas
999 978 1103 1016 enim
1132 986 1220 1040 post

94 1033 190 1072 Idus
210 1033 374 1072 Martias
393 1034 552 1072 demum
571 1047 594 1071 a
614 1033 743 1072 Pansa
760 1033 887 1072 literas
907 1032 1047 1084 accepi,
1068 1032 1108 1070 in
1127 1033 1216 1084 qui-

89 1089 164 1127 bus
181 1088 356 1127 hortatur
373 1101 450 1150 me,
463 1095 508 1126 ut
523 1088 670 1127 senatui
682 1087 858 1136 scribam,
873 1101 936 1126 me
949 1094 987 1125 et
1005 1087 1215 1126 exercitum

91 1141 133 1180 in
151 1149 336 1194 potestate
355 1144 438 1192 ejus
456 1142 645 1181 futurum.
676 1142 809 1190 Quod,
831 1155 920 1181 cum
935 1141 1107 1193 Lepidus
1127 1154 1218 1180 con-

92 1196 321 1244 cionaretur,
355 1204 471 1249 atque
503 1197 682 1236 omnibus
712 1196 902 1243 scriberet,
935 1209 974 1234 se
1005 1195 1221 1234 consentire

92 1264 182 1290 cum
200 1251 389 1299 Antonio,
405 1251 576 1289 maxime
589 1251 820 1289 contrarium
840 1250 925 1289 fuit.
956 1251 1063 1288 Nam
1076 1249 1217 1301 quibus

92 1306 383 1353 commeatibus,
403 1305 523 1344 invito
542 1306 622 1348 1110
643 1319 710 1357 per
725 1304 829 1343 illius
843 1304 1078 1356 provinciam
1097 1304 1218 1364 legio-

90 1372 156 1399 nes
176 1360 386 1399 ducerem?
415 1367 496 1407 aut,
517 1360 548 1398 si
568 1368 701 1398 caetera
719 1361 953 1404 transissem
983 1371 1079 1396 num
1098 1358 1216 1397 etiam

89 1414 255 1467 Alpesp
257 1422 401 1453 oteram
420 1415 665 1460 transvolare,
682 1427 770 1465 quae
781 1413 956 1465 praesidio
967 1412 1070 1450 illius
1082 1419 1215 1450 tenen=

89 1475 176 1508 tur.
167 1472 184 1497 9
213 1469 330 1508 Adde
349 1469 439 1516 huc,
456 1468 560 1520 quod
574 1468 731 1520 perferri
744 1468 863 1506 literae
877 1467 986 1505 nulla
1000 1466 1216 1505 conditione

89 1531 310 1585 potuerunt.
354 1523 549 1563 Sexcentis
564 1522 668 1561 enim
686 1522 778 1561 10015
797 1521 1057 1570 excutiuntur,
1076 1520 1216 1562 deinde

88 1578 205 1617 etiam
223 1578 434 1617 retinentur
452 1591 475 1616 a
493 1577 657 1629 Lepido,
677 1577 877 1616 tabellarii.

144 1632 253 1671 Illud
270 1645 334 1671 me
353 1632 544 1671 Cordubae
562 1645 631 1683 pro
650 1631 828 1670 concione
847 1631 999 1679 dixisse,
1015 1642 1129 1669 nemo
1148 1643 1215 1668 vo-

89 1687 191 1726 cabit
220 1687 262 1724 in
292 1686 470 1734 dubium,
497 1685 733 1738 provinciam
758 1698 823 1724 me
840 1685 954 1733 nulli,
985 1684 1060 1722 nisi
1078 1684 1146 1736 qui
1165 1686 1215 1723 ab

90 1749 225 1780 senatu
244 1741 384 1779 missus
403 1740 578 1788 venisset,
593 1740 837 1778 traditurum.
867 1740 989 1786 Nam,
1006 1739 1053 1777 de
1067 1739 1216 1789 legione

89 1795 282 1834 tricesima
307 1794 506 1843 tradenda,
527 1802 691 1846 quantas
716 1794 917 1832 habuerim
942 1793 1216 1840 contentiones,

89 1850 184 1902 quid
203 1863 274 1901 ego
293 1849 481 1888 scribam.
471 1851 488 1878 9
519 1862 597 1900 qua
612 1848 766 1895 tradita,
783 1855 928 1900 quanto
939 1860 1008 1899 pro
1020 1847 1219 1899 republica.

88 1904 277 1943 infirmior
303 1903 459 1941 futurus
482 1903 637 1952 fuerim,
667 1902 753 1954 quis
782 1902 963 1954 ignorat?
1004 1901 1093 1940 Hac
1112 1900 1217 1939 enim

88 1958 239 2010 legione
257 1958 337 1996 11011
356 1958 478 1997 acrius
498 1965 565 1996 aut
591 1957 804 2009 pugnacius
823 1956 1037 2009 quidquam
1067 1961 1217 2007 putare.

90 2012 224 2060 Quare
243 2025 333 2051 eum
351 2025 416 2051 me
434 2012 610 2050 existima
629 2024 722 2060 esse,
751 2011 820 2073 qui
837 2011 1009 2062 primum
1027 2009 1131 2061 pacis
1149 2021 1218 2047 cu-

88 2066 312 2119 pidissimus
330 2067 430 2113 sim3
459 2079 592 2105 omnes
611 2066 714 2105 enim
735 2066 833 2104 cives
851 2065 966 2116 plane
984 2063 1117 2102 studeo
1140 2075 1220 2101 esse

90 2121 242 2160 salvos.
274 2121 425 2170 deinde,
453 2120 522 2173 qui
541 2127 578 2159 et
595 2133 659 2159 me
678 2127 716 2159 et
733 2119 1012 2172 rempublicam
1030 2116 1223 2157 vindicare

87 2174 130 2214 in
150 2175 368 2215 libertatem
388 2183 545 2227 paratus
564 2175 652 2214 sim.

144 2229 264 2279 Quod
294 2230 524 2270 familiarem
553 2241 687 2270 meum
715 2235 872 2270 tuorum
899 2239 1061 2268 numero
1087 2225 1224 2274 habes,
