<?xml version="1.0" encoding="UTF-8"?>
<!DOCTYPE html PUBLIC "-//W3C//DTD XHTML 1.0 Transitional//EN"
    "http://www.w3.org/TR/xhtml1/DTD/xhtml1-transitional.dtd">
<html xmlns="http://www.w3.org/1999/xhtml" xml:lang="en" lang="en">
 <head>
  <title>
</title>
<meta http-equiv="Content-Type" content="text/html;charset=utf-8" />
  <meta name='ocr-system' content='tesseract 3.04.00' />
  <meta name='ocr-capabilities' content='ocr_page ocr_carea ocr_par ocr_line ocrx_word'/>
</head>
<body>
  <div class='ocr_page' id='page_1' title='image "./operaern09ciceuoft_0376.png"; bbox 0 0 1481 2422; ppageno 0'>
   <div class='ocr_carea' id='block_1_1' title="bbox 290 128 1222 197">
    <p class='ocr_par' dir='ltr' id='par_1_1' title="bbox 290 128 1222 197">
     <span class='ocr_line' id='line_1_1' title="bbox 290 128 1222 197; baseline -0.003 -25"><span class='ocrx_word' id='word_1_1' title='bbox 290 133 371 172; x_wconf 82' lang='lat'><strong>362</strong></span> <span class='ocrx_word' id='word_1_2' title='bbox 484 131 568 171; x_wconf 92' lang='lat' dir='ltr'><strong>AD</strong></span> <span class='ocrx_word' id='word_1_3' title='bbox 596 128 893 197; x_wconf 44' lang='lat' dir='ltr'>DRVERSOS.</span> <span class='ocrx_word' id='word_1_4' title='bbox 924 129 1026 169; x_wconf 78' lang='lat' dir='ltr'><strong>Lm.</strong></span> <span class='ocrx_word' id='word_1_5' title='bbox 1049 129 1153 171; x_wconf 86' lang='lat' dir='ltr'><strong>XII.</strong></span> <span class='ocrx_word' id='word_1_6' title='bbox 1182 130 1222 170; x_wconf 82' lang='lat'><strong>3.</strong></span> 
     </span>
    </p>
   </div>
   <div class='ocr_carea' id='block_1_2' title="bbox 288 237 1410 564">
    <p class='ocr_par' dir='ltr' id='par_1_2' title="bbox 288 237 1410 564">
     <span class='ocr_line' id='line_1_2' title="bbox 290 237 1409 292; baseline -0.001 -11"><span class='ocrx_word' id='word_1_7' title='bbox 290 241 442 288; x_wconf 51' lang='lat' dir='ltr'><strong>abactis,</strong></span> <span class='ocrx_word' id='word_1_8' title='bbox 471 247 516 279; x_wconf 90' lang='lat' dir='ltr'><strong>ut</strong></span> <span class='ocrx_word' id='word_1_9' title='bbox 534 239 614 278; x_wconf 86' lang='lat' dir='ltr'><strong>sitis</strong></span> <span class='ocrx_word' id='word_1_10' title='bbox 635 239 676 278; x_wconf 93' lang='lat' dir='ltr'><strong>in</strong></span> <span class='ocrx_word' id='word_1_11' title='bbox 703 245 812 285; x_wconf 80' lang='lat' dir='ltr'><strong>tuto3</strong></span> <span class='ocrx_word' id='word_1_12' title='bbox 842 249 892 277; x_wconf 90' lang='lat' dir='ltr'><strong>ne</strong></span> <span class='ocrx_word' id='word_1_13' title='bbox 918 237 959 276; x_wconf 91' lang='lat' dir='ltr'><strong>in</strong></span> <span class='ocrx_word' id='word_1_14' title='bbox 987 239 1094 278; x_wconf 85' lang='lat' dir='ltr'><strong>vobis</strong></span> <span class='ocrx_word' id='word_1_15' title='bbox 1123 237 1293 292; x_wconf 86' lang='lat' dir='ltr'><strong>quidem.</strong></span> <span class='ocrx_word' id='word_1_16' title='bbox 1339 239 1409 280; x_wconf 87' lang='lat' dir='ltr'><strong>Sin</strong></span> 
     </span>
     <span class='ocr_line' id='line_1_3' title="bbox 291 292 1409 347; baseline -0.001 -12"><span class='ocrx_word' id='word_1_17' title='bbox 291 295 438 347; x_wconf 85' lang='lat' dir='ltr'><strong>aliquid</strong></span> <span class='ocrx_word' id='word_1_18' title='bbox 455 294 617 346; x_wconf 86' lang='lat' dir='ltr'><strong>dignum</strong></span> <span class='ocrx_word' id='word_1_19' title='bbox 636 293 759 332; x_wconf 64' lang='lat' dir='ltr'><strong>vestra</strong></span> <span class='ocrx_word' id='word_1_20' title='bbox 776 292 898 345; x_wconf 53' lang='lat' dir='ltr'><strong>gloriffa</strong></span> <span class='ocrx_word' id='word_1_21' title='bbox 916 292 1113 344; x_wconf 84' lang='lat' dir='ltr'><strong>cog-itatis,</strong></span> <span class='ocrx_word' id='word_1_22' title='bbox 1102 307 1113 318; x_wconf 91' lang='lat'><strong>·</strong></span> <span class='ocrx_word' id='word_1_23' title='bbox 1143 294 1274 343; x_wconf 84' lang='lat' dir='ltr'><strong>velim,</strong></span> <span class='ocrx_word' id='word_1_24' title='bbox 1295 294 1409 334; x_wconf 86' lang='lat' dir='ltr'><strong>salvis</strong></span> 
     </span>
     <span class='ocr_line' id='line_1_4' title="bbox 290 347 1409 410; baseline -0.001 -22"><span class='ocrx_word' id='word_1_25' title='bbox 290 350 424 388; x_wconf 89' lang='lat' dir='ltr'><strong>nobis:</strong></span> <span class='ocrx_word' id='word_1_26' title='bbox 456 349 514 387; x_wconf 89' lang='lat' dir='ltr'><strong>sin</strong></span> <span class='ocrx_word' id='word_1_27' title='bbox 533 348 573 386; x_wconf 89' lang='lat' dir='ltr'><strong>id</strong></span> <span class='ocrx_word' id='word_1_28' title='bbox 583 348 726 395; x_wconf 87' lang='lat' dir='ltr'><strong>minus,</strong></span> <span class='ocrx_word' id='word_1_29' title='bbox 742 361 800 386; x_wconf 88' lang='lat' dir='ltr'><strong>res</strong></span> <span class='ocrx_word' id='word_1_30' title='bbox 820 354 948 385; x_wconf 83' lang='lat' dir='ltr'><strong>tamen</strong></span> <span class='ocrx_word' id='word_1_31' title='bbox 960 347 1115 399; x_wconf 87' lang='lat' dir='ltr'><strong>publica</strong></span> <span class='ocrx_word' id='word_1_32' title='bbox 1131 361 1201 410; x_wconf 80' lang='lat' dir='ltr'><strong>per</strong></span> <span class='ocrx_word' id='word_1_33' title='bbox 1218 361 1285 387; x_wconf 78' lang='lat' dir='ltr'><strong>vos</strong></span> <span class='ocrx_word' id='word_1_34' title='bbox 1303 349 1409 388; x_wconf 83' lang='lat' dir='ltr'><strong>brevi</strong></span> 
     </span>
     <span class='ocr_line' id='line_1_5' title="bbox 289 401 1410 463; baseline -0.002 -20"><span class='ocrx_word' id='word_1_35' title='bbox 289 412 460 455; x_wconf 88' lang='lat' dir='ltr'><strong>tempore</strong></span> <span class='ocrx_word' id='word_1_36' title='bbox 483 404 547 453; x_wconf 87' lang='lat' dir='ltr'><strong>jus</strong></span> <span class='ocrx_word' id='word_1_37' title='bbox 567 415 681 440; x_wconf 91' lang='lat' dir='ltr'><strong>suum</strong></span> <span class='ocrx_word' id='word_1_38' title='bbox 705 401 954 463; x_wconf 86' lang='lat' dir='ltr'>recuperabit.</span> <span class='ocrx_word' id='word_1_39' title='bbox 992 401 1080 452; x_wconf 88' lang='lat' dir='ltr'><strong>Ego</strong></span> <span class='ocrx_word' id='word_1_40' title='bbox 1099 402 1175 440; x_wconf 90' lang='lat' dir='ltr'><strong>tuis</strong></span> <span class='ocrx_word' id='word_1_41' title='bbox 1199 414 1325 454; x_wconf 87' lang='lat' dir='ltr'><strong>neque</strong></span> <span class='ocrx_word' id='word_1_42' title='bbox 1343 403 1410 441; x_wconf 90' lang='lat' dir='ltr'><strong>de-</strong></span> 
     </span>
     <span class='ocr_line' id='line_1_6' title="bbox 289 454 1410 509; baseline -0.001 -12"><span class='ocrx_word' id='word_1_43' title='bbox 289 471 376 497; x_wconf 89' lang='lat' dir='ltr'><strong>sum</strong></span> <span class='ocrx_word' id='word_1_44' title='bbox 399 470 524 509; x_wconf 90' lang='lat' dir='ltr'><strong>neque</strong></span> <span class='ocrx_word' id='word_1_45' title='bbox 566 457 703 494; x_wconf 89' lang='lat' dir='ltr'><strong>deero:</strong></span> <span class='ocrx_word' id='word_1_46' title='bbox 735 457 803 508; x_wconf 92' lang='lat' dir='ltr'><strong>qui</strong></span> <span class='ocrx_word' id='word_1_47' title='bbox 840 455 918 493; x_wconf 90' lang='lat' dir='ltr'><strong>sive</strong></span> <span class='ocrx_word' id='word_1_48' title='bbox 949 454 999 493; x_wconf 84' lang='lat' dir='ltr'><strong>ad</strong></span> <span class='ocrx_word' id='word_1_49' title='bbox 1030 468 1094 494; x_wconf 89' lang='lat' dir='ltr'><strong>me</strong></span> <span class='ocrx_word' id='word_1_50' title='bbox 1125 456 1299 506; x_wconf 84' lang='lat' dir='ltr'><strong>referent,</strong></span> <span class='ocrx_word' id='word_1_51' title='bbox 1332 457 1410 496; x_wconf 85' lang='lat' dir='ltr'><strong>sive</strong></span> 
     </span>
     <span class='ocr_line' id='line_1_7' title="bbox 288 508 1410 564; baseline 0 -14"><span class='ocrx_word' id='word_1_52' title='bbox 288 524 380 561; x_wconf 84' lang='lat' dir='ltr'><strong>non,</strong></span> <span class='ocrx_word' id='word_1_53' title='bbox 405 524 491 549; x_wconf 87' lang='lat' dir='ltr'><strong>mea</strong></span> <span class='ocrx_word' id='word_1_54' title='bbox 509 511 579 550; x_wconf 89' lang='lat' dir='ltr'><strong>tibi</strong></span> <span class='ocrx_word' id='word_1_55' title='bbox 597 517 726 549; x_wconf 86' lang='lat' dir='ltr'><strong>tamen</strong></span> <span class='ocrx_word' id='word_1_56' title='bbox 744 508 1008 549; x_wconf 86' lang='lat' dir='ltr'><strong>benevolentia</strong></span> <span class='ocrx_word' id='word_1_57' title='bbox 1024 509 1195 562; x_wconf 61' lang='lat' dir='ltr'><strong>fidosque</strong></span> <span class='ocrx_word' id='word_1_58' title='bbox 1212 511 1410 564; x_wconf 87' lang='lat' dir='ltr'><strong>praestabi-</strong></span> 
     </span>
    </p>
   </div>
   <div class='ocr_carea' id='block_1_3' title="bbox 287 565 504 606">
    <p class='ocr_par' dir='ltr' id='par_1_3' title="bbox 287 565 504 606">
     <span class='ocr_line' id='line_1_8' title="bbox 287 565 504 606; baseline -0.015 0"><span class='ocrx_word' id='word_1_59' title='bbox 287 576 363 606; x_wconf 86' lang='lat' dir='ltr'><strong>tur.</strong></span> <span class='ocrx_word' id='word_1_60' title='bbox 393 565 504 605; x_wconf 85' lang='lat' dir='ltr'>Vale.</span> 
     </span>
    </p>
   </div>
   <div class='ocr_carea' id='block_1_4' title="bbox 452 728 1272 780">
    <p class='ocr_par' dir='ltr' id='par_1_4' title="bbox 452 728 1272 780">
     <span class='ocr_line' id='line_1_9' title="bbox 452 728 1272 780; baseline 0 -11"><span class='ocrx_word' id='word_1_61' title='bbox 452 731 541 780; x_wconf 85' lang='lat'>(3.)</span> <span class='ocrx_word' id='word_1_62' title='bbox 569 729 632 769; x_wconf 88' lang='lat' dir='ltr'><strong>M.</strong></span> <span class='ocrx_word' id='word_1_63' title='bbox 649 729 699 768; x_wconf 85' lang='grc' dir='ltr'><strong>Τ.</strong></span> <span class='ocrx_word' id='word_1_64' title='bbox 716 728 763 770; x_wconf 82' lang='grc'><strong>0.</strong></span> <span class='ocrx_word' id='word_1_65' title='bbox 793 729 838 769; x_wconf 82' lang='grc'><strong>0.</strong></span> <span class='ocrx_word' id='word_1_66' title='bbox 860 728 1058 769; x_wconf 79' lang='lat' dir='ltr'>CASSIO</span> <span class='ocrx_word' id='word_1_67' title='bbox 1086 730 1127 770; x_wconf 91' lang='grc'><strong>5.</strong></span> <span class='ocrx_word' id='word_1_68' title='bbox 1149 729 1197 768; x_wconf 83' lang='grc' dir='ltr'><strong>Ρ.</strong></span> <span class='ocrx_word' id='word_1_69' title='bbox 1217 729 1272 769; x_wconf 83' lang='grc'><strong>1).</strong></span> 
     </span>
    </p>
   </div>
   <div class='ocr_carea' id='block_1_5' title="bbox 286 837 1407 945">
    <p class='ocr_par' dir='ltr' id='par_1_5' title="bbox 286 837 1407 945">
     <span class='ocr_line' id='line_1_10' title="bbox 342 837 1407 890; baseline 0.001 -13"><span class='ocrx_word' id='word_1_70' title='bbox 342 839 668 889; x_wconf 78' lang='lat' dir='ltr'><em>(Argumentum.</em></span> <span class='ocrx_word' id='word_1_71' title='bbox 679 861 732 868; x_wconf 93' lang='lat'><strong>--</strong></span> <span class='ocrx_word' id='word_1_72' title='bbox 746 838 934 888; x_wconf 86' lang='lat' dir='ltr'><strong>Ejusdem</strong></span> <span class='ocrx_word' id='word_1_73' title='bbox 951 837 1168 890; x_wconf 87' lang='lat' dir='ltr'><strong>argumenti</strong></span> <span class='ocrx_word' id='word_1_74' title='bbox 1181 851 1194 885; x_wconf 72' lang='grc' dir='ltr'><strong>ς</strong></span> <span class='ocrx_word' id='word_1_75' title='bbox 1210 851 1255 878; x_wconf 84' lang='lat' dir='ltr'><strong>ac</strong></span> <span class='ocrx_word' id='word_1_76' title='bbox 1273 837 1407 878; x_wconf 91' lang='lat' dir='ltr'><strong>itidem</strong></span> 
     </span>
     <span class='ocr_line' id='line_1_11' title="bbox 286 892 1120 945; baseline -0.001 -12"><span class='ocrx_word' id='word_1_77' title='bbox 286 893 327 932; x_wconf 90' lang='lat' dir='ltr'><strong>in</strong></span> <span class='ocrx_word' id='word_1_78' title='bbox 345 893 565 933; x_wconf 88' lang='lat' dir='ltr'><strong>Antonium</strong></span> <span class='ocrx_word' id='word_1_79' title='bbox 583 894 742 945; x_wconf 87' lang='lat' dir='ltr'><strong>ejusque</strong></span> <span class='ocrx_word' id='word_1_80' title='bbox 760 892 877 932; x_wconf 90' lang='lat' dir='ltr'><strong>socios</strong></span> <span class='ocrx_word' id='word_1_81' title='bbox 895 892 1120 943; x_wconf 88' lang='lat' dir='ltr'><strong>invehitur.)</strong></span> 
     </span>
    </p>
   </div>
   <div class='ocr_carea' id='block_1_6' title="bbox 788 969 898 977">
    <p class='ocr_par' dir='ltr' id='par_1_6' title="bbox 788 969 898 977">
     <span class='ocr_line' id='line_1_12' title="bbox 788 969 898 977; baseline 0 0"><span class='ocrx_word' id='word_1_82' title='bbox 788 969 898 977; x_wconf 95' lang='lat' dir='ltr'><strong> </strong></span> 
     </span>
    </p>
   </div>
   <div class='ocr_carea' id='block_1_7' title="bbox 273 1000 1408 2300">
    <p class='ocr_par' dir='ltr' id='par_1_7' title="bbox 282 1000 1408 1649">
     <span class='ocr_line' id='line_1_13' title="bbox 339 1000 1407 1054; baseline -0.001 -13"><span class='ocrx_word' id='word_1_83' title='bbox 339 1002 475 1054; x_wconf 86' lang='lat' dir='ltr'><strong>Auget</strong></span> <span class='ocrx_word' id='word_1_84' title='bbox 496 1009 586 1040; x_wconf 88' lang='lat' dir='ltr'><strong>tuus</strong></span> <span class='ocrx_word' id='word_1_85' title='bbox 611 1001 756 1040; x_wconf 83' lang='lat' dir='ltr'><strong>amicus</strong></span> <span class='ocrx_word' id='word_1_86' title='bbox 775 1000 943 1040; x_wconf 85' lang='lat' dir='ltr'><strong>furorem</strong></span> <span class='ocrx_word' id='word_1_87' title='bbox 961 1000 1002 1039; x_wconf 91' lang='lat' dir='ltr'><strong>in</strong></span> <span class='ocrx_word' id='word_1_88' title='bbox 1028 1001 1121 1040; x_wconf 85' lang='lat' dir='ltr'><strong>dies.</strong></span> <span class='ocrx_word' id='word_1_89' title='bbox 1151 1001 1345 1050; x_wconf 84' lang='lat' dir='ltr'><strong>Primum,</strong></span> <span class='ocrx_word' id='word_1_90' title='bbox 1365 1001 1407 1040; x_wconf 88' lang='lat' dir='ltr'><strong>in</strong></span> 
     </span>
     <span class='ocr_line' id='line_1_14' title="bbox 285 1055 1406 1108; baseline -0.001 -13"><span class='ocrx_word' id='word_1_91' title='bbox 285 1057 424 1103; x_wconf 60' lang='lat' dir='ltr'><strong>statua,</strong></span> <span class='ocrx_word' id='word_1_92' title='bbox 446 1069 564 1108; x_wconf 84' lang='lat' dir='ltr'><strong>quam</strong></span> <span class='ocrx_word' id='word_1_93' title='bbox 582 1055 710 1108; x_wconf 80' lang='lat' dir='ltr'><strong>posuit</strong></span> <span class='ocrx_word' id='word_1_94' title='bbox 736 1056 777 1093; x_wconf 93' lang='lat' dir='ltr'><strong>in</strong></span> <span class='ocrx_word' id='word_1_95' title='bbox 797 1055 960 1105; x_wconf 86' lang='lat' dir='ltr'>Rostris,</span> <span class='ocrx_word' id='word_1_96' title='bbox 980 1056 1170 1108; x_wconf 81' lang='lat' dir='ltr'><strong>inscripsit</strong></span> <span class='ocrx_word' id='word_1_97' title='bbox 1199 1059 1228 1079; x_wconf 83' lang='lat'><strong>“</strong></span> <span class='ocrx_word' id='word_1_98' title='bbox 1248 1056 1406 1094; x_wconf 88' lang='lat' dir='ltr'><strong>Parenti</strong></span> 
     </span>
     <span class='ocr_line' id='line_1_15' title="bbox 286 1110 1406 1162; baseline 0.001 -14"><span class='ocrx_word' id='word_1_99' title='bbox 286 1111 430 1162; x_wconf 89' lang='lat' dir='ltr'><strong>optime</strong></span> <span class='ocrx_word' id='word_1_100' title='bbox 448 1111 584 1148; x_wconf 84' lang='lat' dir='ltr'><strong>merito</strong></span> <span class='ocrx_word' id='word_1_101' title='bbox 599 1110 640 1156; x_wconf 87' lang='lat'><strong>;&#39;&#39;</strong></span> <span class='ocrx_word' id='word_1_102' title='bbox 670 1117 714 1148; x_wconf 87' lang='lat' dir='ltr'><strong>ut</strong></span> <span class='ocrx_word' id='word_1_103' title='bbox 732 1122 809 1149; x_wconf 91' lang='lat' dir='ltr'><strong>non</strong></span> <span class='ocrx_word' id='word_1_104' title='bbox 829 1110 944 1149; x_wconf 89' lang='lat' dir='ltr'><strong>modo</strong></span> <span class='ocrx_word' id='word_1_105' title='bbox 963 1110 1098 1157; x_wconf 72' lang='lat' dir='ltr'><strong>sicarii,</strong></span> <span class='ocrx_word' id='word_1_106' title='bbox 1120 1110 1186 1149; x_wconf 89' lang='lat' dir='ltr'><strong>sed</strong></span> <span class='ocrx_word' id='word_1_107' title='bbox 1195 1111 1278 1160; x_wconf 83' lang='lat' dir='ltr'><strong>jam</strong></span> <span class='ocrx_word' id='word_1_108' title='bbox 1290 1110 1406 1149; x_wconf 84' lang='lat' dir='ltr'><strong>etiam</strong></span> 
     </span>
     <span class='ocr_line' id='line_1_16' title="bbox 285 1163 1406 1217; baseline 0 -15"><span class='ocrx_word' id='word_1_109' title='bbox 285 1164 496 1217; x_wconf 79' lang='lat' dir='ltr'><strong>parricidae,</strong></span> <span class='ocrx_word' id='word_1_110' title='bbox 509 1164 760 1214; x_wconf 80' lang='lat' dir='ltr'><strong>judicemini3</strong></span> <span class='ocrx_word' id='word_1_111' title='bbox 790 1164 886 1217; x_wconf 88' lang='lat' dir='ltr'><strong>quid</strong></span> <span class='ocrx_word' id='word_1_112' title='bbox 904 1164 1001 1213; x_wconf 81' lang='lat' dir='ltr'><strong>dico,</strong></span> <span class='ocrx_word' id='word_1_113' title='bbox 1019 1164 1244 1214; x_wconf 84' lang='lat' dir='ltr'><strong>judicemini</strong></span> <span class='ocrx_word' id='word_1_114' title='bbox 1257 1163 1277 1201; x_wconf 71' lang='grc'><strong>9</strong></span> <span class='ocrx_word' id='word_1_115' title='bbox 1300 1164 1406 1214; x_wconf 83' lang='lat' dir='ltr'><strong>judi-</strong></span> 
     </span>
     <span class='ocr_line' id='line_1_17' title="bbox 285 1218 1408 1271; baseline 0 -14"><span class='ocrx_word' id='word_1_116' title='bbox 285 1231 417 1257; x_wconf 90' lang='lat' dir='ltr'><strong>cemur</strong></span> <span class='ocrx_word' id='word_1_117' title='bbox 440 1219 578 1271; x_wconf 82' lang='lat' dir='ltr'><strong>potius.</strong></span> <span class='ocrx_word' id='word_1_118' title='bbox 609 1219 738 1257; x_wconf 86' lang='lat' dir='ltr'><strong>Vestri</strong></span> <span class='ocrx_word' id='word_1_119' title='bbox 757 1220 860 1257; x_wconf 90' lang='lat' dir='ltr'><strong>enim</strong></span> <span class='ocrx_word' id='word_1_120' title='bbox 886 1218 1135 1270; x_wconf 89' lang='lat' dir='ltr'><strong>pulcherrimi</strong></span> <span class='ocrx_word' id='word_1_121' title='bbox 1153 1218 1243 1257; x_wconf 87' lang='lat' dir='ltr'><strong>facti</strong></span> <span class='ocrx_word' id='word_1_122' title='bbox 1261 1218 1326 1257; x_wconf 90' lang='lat' dir='ltr'><strong>ille</strong></span> <span class='ocrx_word' id='word_1_123' title='bbox 1344 1218 1408 1257; x_wconf 92' lang='lat' dir='ltr'><strong>fu-</strong></span> 
     </span>
     <span class='ocr_line' id='line_1_18' title="bbox 284 1272 1405 1326; baseline 0 -15"><span class='ocrx_word' id='word_1_124' title='bbox 284 1272 406 1311; x_wconf 86' lang='lat' dir='ltr'><strong>riosus</strong></span> <span class='ocrx_word' id='word_1_125' title='bbox 427 1286 491 1311; x_wconf 89' lang='lat' dir='ltr'><strong>me</strong></span> <span class='ocrx_word' id='word_1_126' title='bbox 519 1272 730 1325; x_wconf 84' lang='lat' dir='ltr'><strong>principem</strong></span> <span class='ocrx_word' id='word_1_127' title='bbox 761 1273 852 1312; x_wconf 88' lang='lat' dir='ltr'><strong>dicit</strong></span> <span class='ocrx_word' id='word_1_128' title='bbox 881 1272 1009 1311; x_wconf 89' lang='lat' dir='ltr'><strong>fuisse.</strong></span> <span class='ocrx_word' id='word_1_129' title='bbox 1057 1273 1219 1312; x_wconf 87' lang='lat' dir='ltr'><strong>Utinam</strong></span> <span class='ocrx_word' id='word_1_130' title='bbox 1247 1272 1405 1326; x_wconf 87' lang='lat' dir='ltr'><strong>quidem</strong></span> 
     </span>
     <span class='ocr_line' id='line_1_19' title="bbox 283 1326 1404 1366; baseline 0 -1"><span class='ocrx_word' id='word_1_131' title='bbox 283 1326 465 1366; x_wconf 82' lang='lat' dir='ltr'><strong>fuissem!</strong></span> <span class='ocrx_word' id='word_1_132' title='bbox 496 1329 679 1366; x_wconf 86' lang='lat' dir='ltr'><strong>molestus</strong></span> <span class='ocrx_word' id='word_1_133' title='bbox 697 1327 807 1366; x_wconf 89' lang='lat' dir='ltr'><strong>nobis</strong></span> <span class='ocrx_word' id='word_1_134' title='bbox 826 1340 903 1366; x_wconf 92' lang='lat' dir='ltr'><strong>non</strong></span> <span class='ocrx_word' id='word_1_135' title='bbox 918 1334 1024 1366; x_wconf 86' lang='lat' dir='ltr'><strong>esset.</strong></span> <span class='ocrx_word' id='word_1_136' title='bbox 1052 1327 1128 1366; x_wconf 92' lang='lat' dir='ltr'><strong>Sed</strong></span> <span class='ocrx_word' id='word_1_137' title='bbox 1145 1327 1216 1366; x_wconf 91' lang='lat' dir='ltr'><strong>hoc</strong></span> <span class='ocrx_word' id='word_1_138' title='bbox 1234 1334 1404 1366; x_wconf 85' lang='lat' dir='ltr'><strong>vestrum</strong></span> 
     </span>
     <span class='ocr_line' id='line_1_20' title="bbox 284 1381 1406 1433; baseline 0.001 -14"><span class='ocrx_word' id='word_1_139' title='bbox 284 1388 366 1427; x_wconf 80' lang='lat' dir='ltr'><strong>est3</strong></span> <span class='ocrx_word' id='word_1_140' title='bbox 397 1382 501 1433; x_wconf 92' lang='lat' dir='ltr'><strong>quod</strong></span> <span class='ocrx_word' id='word_1_141' title='bbox 521 1395 608 1420; x_wconf 87' lang='lat' dir='ltr'><strong>cum</strong></span> <span class='ocrx_word' id='word_1_142' title='bbox 624 1381 818 1432; x_wconf 64' lang='lat' dir='ltr'><strong>praeteriit,</strong></span> <span class='ocrx_word' id='word_1_143' title='bbox 838 1381 989 1420; x_wconf 87' lang='lat' dir='ltr'><strong>utinam</strong></span> <span class='ocrx_word' id='word_1_144' title='bbox 1006 1381 1201 1429; x_wconf 84' lang='lat' dir='ltr'><strong>haberem,</strong></span> <span class='ocrx_word' id='word_1_145' title='bbox 1223 1381 1319 1433; x_wconf 91' lang='lat' dir='ltr'><strong>quid</strong></span> <span class='ocrx_word' id='word_1_146' title='bbox 1337 1393 1406 1420; x_wconf 90' lang='lat' dir='ltr'><strong>vo-</strong></span> 
     </span>
     <span class='ocr_line' id='line_1_21' title="bbox 283 1434 1403 1487; baseline -0.001 -14"><span class='ocrx_word' id='word_1_147' title='bbox 283 1435 343 1473; x_wconf 92' lang='lat' dir='ltr'><strong>bis</strong></span> <span class='ocrx_word' id='word_1_148' title='bbox 358 1435 488 1473; x_wconf 87' lang='lat' dir='ltr'><strong>darem</strong></span> <span class='ocrx_word' id='word_1_149' title='bbox 503 1435 675 1474; x_wconf 86' lang='lat' dir='ltr'><strong>consilii!</strong></span> <span class='ocrx_word' id='word_1_150' title='bbox 697 1435 773 1474; x_wconf 85' lang='lat' dir='ltr'><strong>Sed</strong></span> <span class='ocrx_word' id='word_1_151' title='bbox 783 1447 832 1473; x_wconf 89' lang='lat' dir='ltr'><strong>ne</strong></span> <span class='ocrx_word' id='word_1_152' title='bbox 845 1435 944 1473; x_wconf 86' lang='lat' dir='ltr'><strong>mihi</strong></span> <span class='ocrx_word' id='word_1_153' title='bbox 962 1434 1148 1487; x_wconf 90' lang='lat' dir='ltr'><strong>quidem</strong></span> <span class='ocrx_word' id='word_1_154' title='bbox 1137 1435 1225 1486; x_wconf 81' lang='lat' dir='ltr'><strong>ipsi,</strong></span> <span class='ocrx_word' id='word_1_155' title='bbox 1241 1435 1403 1487; x_wconf 79' lang='lat' dir='ltr'><strong>reperio,</strong></span> 
     </span>
     <span class='ocr_line' id='line_1_22' title="bbox 284 1488 1406 1541; baseline 0.001 -15"><span class='ocrx_word' id='word_1_156' title='bbox 284 1489 379 1540; x_wconf 90' lang='lat' dir='ltr'><strong>quid</strong></span> <span class='ocrx_word' id='word_1_157' title='bbox 392 1489 610 1528; x_wconf 86' lang='lat' dir='ltr'><strong>faciendum</strong></span> <span class='ocrx_word' id='word_1_158' title='bbox 630 1489 688 1527; x_wconf 85' lang='lat' dir='ltr'><strong>sit.</strong></span> <span class='ocrx_word' id='word_1_159' title='bbox 719 1488 828 1537; x_wconf 86' lang='lat' dir='ltr'><strong>Quid</strong></span> <span class='ocrx_word' id='word_1_160' title='bbox 849 1489 951 1527; x_wconf 90' lang='lat' dir='ltr'><strong>enim</strong></span> <span class='ocrx_word' id='word_1_161' title='bbox 971 1495 1039 1537; x_wconf 89' lang='lat' dir='ltr'><strong>est,</strong></span> <span class='ocrx_word' id='word_1_162' title='bbox 1063 1489 1166 1541; x_wconf 90' lang='lat' dir='ltr'><strong>quod</strong></span> <span class='ocrx_word' id='word_1_163' title='bbox 1181 1496 1312 1527; x_wconf 88' lang='lat' dir='ltr'><strong>contra</strong></span> <span class='ocrx_word' id='word_1_164' title='bbox 1325 1488 1406 1527; x_wconf 88' lang='lat' dir='ltr'><strong>vim</strong></span> 
     </span>
     <span class='ocr_line' id='line_1_23' title="bbox 284 1542 1406 1595; baseline 0.002 -15"><span class='ocrx_word' id='word_1_165' title='bbox 284 1543 365 1582; x_wconf 89' lang='lat' dir='ltr'><strong>sine</strong></span> <span class='ocrx_word' id='word_1_166' title='bbox 393 1543 432 1581; x_wconf 93' lang='lat' dir='ltr'><strong>vi</strong></span> <span class='ocrx_word' id='word_1_167' title='bbox 458 1543 539 1581; x_wconf 88' lang='lat' dir='ltr'><strong>fieri</strong></span> <span class='ocrx_word' id='word_1_168' title='bbox 563 1543 712 1595; x_wconf 80' lang='lat' dir='ltr'><strong>possit?</strong></span> <span class='ocrx_word' id='word_1_169' title='bbox 743 1543 959 1582; x_wconf 89' lang='lat' dir='ltr'><strong>Consilium</strong></span> <span class='ocrx_word' id='word_1_170' title='bbox 978 1555 1092 1581; x_wconf 89' lang='lat' dir='ltr'><strong>omne</strong></span> <span class='ocrx_word' id='word_1_171' title='bbox 1110 1550 1240 1582; x_wconf 80' lang='lat' dir='ltr'><strong>autem</strong></span> <span class='ocrx_word' id='word_1_172' title='bbox 1258 1542 1332 1582; x_wconf 91' lang='lat' dir='ltr'><strong>hoc</strong></span> <span class='ocrx_word' id='word_1_173' title='bbox 1349 1550 1406 1582; x_wconf 86' lang='lat' dir='ltr'><strong>est</strong></span> 
     </span>
     <span class='ocr_line' id='line_1_24' title="bbox 282 1596 1186 1649; baseline 0 -14"><span class='ocrx_word' id='word_1_174' title='bbox 282 1596 453 1646; x_wconf 83' lang='grc'>1110111111,</span> <span class='ocrx_word' id='word_1_175' title='bbox 475 1604 519 1636; x_wconf 91' lang='lat' dir='ltr'><strong>ut</strong></span> <span class='ocrx_word' id='word_1_176' title='bbox 537 1605 701 1636; x_wconf 84' lang='lat' dir='ltr'><strong>mortem</strong></span> <span class='ocrx_word' id='word_1_177' title='bbox 719 1596 879 1636; x_wconf 85' lang='lat' dir='ltr'><strong>Caesaris</strong></span> <span class='ocrx_word' id='word_1_178' title='bbox 898 1604 1186 1649; x_wconf 85' lang='lat' dir='ltr'><strong>persequantur.</strong></span> 
     </span>
    </p>

    <p class='ocr_par' dir='ltr' id='par_1_8' title="bbox 281 1651 1408 1970">
     <span class='ocr_line' id='line_1_25' title="bbox 338 1651 1408 1703; baseline 0 -13"><span class='ocrx_word' id='word_1_179' title='bbox 338 1652 477 1703; x_wconf 82' lang='lat' dir='ltr'><strong>Itaque</strong></span> <span class='ocrx_word' id='word_1_180' title='bbox 496 1665 530 1690; x_wconf 88' lang='lat' dir='ltr'><strong>a.</strong></span> <span class='ocrx_word' id='word_1_181' title='bbox 555 1651 592 1689; x_wconf 64' lang='lat' dir='ltr'><strong>d„</strong></span> <span class='ocrx_word' id='word_1_182' title='bbox 621 1659 714 1690; x_wconf 80' lang='lat' dir='ltr'><strong>sext.</strong></span> <span class='ocrx_word' id='word_1_183' title='bbox 742 1652 847 1690; x_wconf 92' lang='lat' dir='ltr'><strong>Non.</strong></span> <span class='ocrx_word' id='word_1_184' title='bbox 869 1651 1006 1690; x_wconf 91' lang='lat' dir='ltr'><strong>Octob.</strong></span> <span class='ocrx_word' id='word_1_185' title='bbox 1027 1651 1268 1703; x_wconf 81' lang='lat' dir='ltr'><strong>productus·</strong></span> <span class='ocrx_word' id='word_1_186' title='bbox 1256 1664 1297 1690; x_wconf 89' lang='lat' dir='ltr'><strong>m</strong></span> <span class='ocrx_word' id='word_1_187' title='bbox 1317 1663 1408 1690; x_wconf 89' lang='lat' dir='ltr'><strong>con-</strong></span> 
     </span>
     <span class='ocr_line' id='line_1_26' title="bbox 283 1704 1404 1757; baseline 0.001 -14"><span class='ocrx_word' id='word_1_188' title='bbox 283 1704 433 1744; x_wconf 87' lang='lat' dir='ltr'><strong>cionem</strong></span> <span class='ocrx_word' id='word_1_189' title='bbox 451 1719 474 1743; x_wconf 88' lang='lat' dir='ltr'><strong>a</strong></span> <span class='ocrx_word' id='word_1_190' title='bbox 504 1705 683 1753; x_wconf 66' lang='lat' dir='ltr'><strong>Caninio,</strong></span> <span class='ocrx_word' id='word_1_191' title='bbox 704 1705 922 1757; x_wconf 84' lang='lat' dir='ltr'><strong>turpissime</strong></span> <span class='ocrx_word' id='word_1_192' title='bbox 947 1706 1012 1744; x_wconf 89' lang='lat' dir='ltr'><strong>ille</strong></span> <span class='ocrx_word' id='word_1_193' title='bbox 1036 1705 1193 1757; x_wconf 86' lang='lat' dir='ltr'><strong>quidem</strong></span> <span class='ocrx_word' id='word_1_194' title='bbox 1212 1705 1404 1744; x_wconf 79' lang='lat' dir='ltr'><strong>discessit:</strong></span> 
     </span>
     <span class='ocr_line' id='line_1_27' title="bbox 283 1759 1407 1811; baseline 0.001 -14"><span class='ocrx_word' id='word_1_195' title='bbox 283 1759 350 1797; x_wconf 88' lang='lat' dir='ltr'><strong>sed</strong></span> <span class='ocrx_word' id='word_1_196' title='bbox 369 1767 498 1798; x_wconf 84' lang='lat' dir='ltr'><strong>tamen</strong></span> <span class='ocrx_word' id='word_1_197' title='bbox 528 1773 572 1798; x_wconf 83' lang='lat' dir='ltr'><strong>ea</strong></span> <span class='ocrx_word' id='word_1_198' title='bbox 597 1759 696 1798; x_wconf 82' lang='lat' dir='ltr'><strong>dixit</strong></span> <span class='ocrx_word' id='word_1_199' title='bbox 722 1760 770 1798; x_wconf 88' lang='lat' dir='ltr'><strong>de</strong></span> <span class='ocrx_word' id='word_1_200' title='bbox 798 1759 1121 1798; x_wconf 86' lang='lat' dir='ltr'><strong>conservatoribus</strong></span> <span class='ocrx_word' id='word_1_201' title='bbox 1143 1760 1290 1811; x_wconf 65' lang='lat' dir='ltr'><strong>patriae,</strong></span> <span class='ocrx_word' id='word_1_202' title='bbox 1317 1773 1407 1811; x_wconf 87' lang='lat' dir='ltr'><strong>quae</strong></span> 
     </span>
     <span class='ocr_line' id='line_1_28' title="bbox 283 1813 1404 1866; baseline 0 -14"><span class='ocrx_word' id='word_1_203' title='bbox 283 1813 359 1851; x_wconf 87' lang='lat' dir='ltr'><strong>dici</strong></span> <span class='ocrx_word' id='word_1_204' title='bbox 381 1813 562 1852; x_wconf 84' lang='lat' dir='ltr'><strong>deberent</strong></span> <span class='ocrx_word' id='word_1_205' title='bbox 588 1813 635 1852; x_wconf 89' lang='lat' dir='ltr'><strong>de</strong></span> <span class='ocrx_word' id='word_1_206' title='bbox 652 1813 921 1866; x_wconf 82' lang='lat' dir='ltr'><strong>proditoribus.</strong></span> <span class='ocrx_word' id='word_1_207' title='bbox 963 1813 1027 1852; x_wconf 93' lang='lat' dir='ltr'><strong>De</strong></span> <span class='ocrx_word' id='word_1_208' title='bbox 1051 1826 1115 1852; x_wconf 91' lang='lat' dir='ltr'><strong>me</strong></span> <span class='ocrx_word' id='word_1_209' title='bbox 1145 1814 1302 1866; x_wconf 90' lang='lat' dir='ltr'><strong>quidem</strong></span> <span class='ocrx_word' id='word_1_210' title='bbox 1325 1826 1404 1852; x_wconf 92' lang='lat' dir='ltr'><strong>non</strong></span> 
     </span>
     <span class='ocr_line' id='line_1_29' title="bbox 282 1867 1406 1929; baseline 0.002 -24"><span class='ocrx_word' id='word_1_211' title='bbox 282 1867 514 1929; x_wconf 85' lang='lat' dir='ltr'><strong>dubitanter,</strong></span> <span class='ocrx_word' id='word_1_212' title='bbox 536 1867 630 1920; x_wconf 90' lang='lat' dir='ltr'><strong>quin</strong></span> <span class='ocrx_word' id='word_1_213' title='bbox 646 1868 776 1906; x_wconf 84' lang='lat' dir='ltr'><strong>omnia</strong></span> <span class='ocrx_word' id='word_1_214' title='bbox 787 1868 835 1907; x_wconf 93' lang='lat' dir='ltr'><strong>de</strong></span> <span class='ocrx_word' id='word_1_215' title='bbox 847 1880 934 1907; x_wconf 91' lang='lat' dir='ltr'><strong>meo</strong></span> <span class='ocrx_word' id='word_1_216' title='bbox 945 1868 1099 1907; x_wconf 82' lang='lat' dir='ltr'><strong>consilio</strong></span> <span class='ocrx_word' id='word_1_217' title='bbox 1118 1875 1155 1906; x_wconf 89' lang='lat' dir='ltr'><strong>et</strong></span> <span class='ocrx_word' id='word_1_218' title='bbox 1173 1881 1238 1907; x_wconf 85' lang='lat' dir='ltr'><strong>vos</strong></span> <span class='ocrx_word' id='word_1_219' title='bbox 1255 1867 1406 1907; x_wconf 81' lang='lat' dir='ltr'><strong>fecisse·</strong></span> 
     </span>
     <span class='ocr_line' id='line_1_30' title="bbox 281 1921 778 1970; baseline 0 -10"><span class='ocrx_word' id='word_1_220' title='bbox 281 1921 344 1970; x_wconf 81' lang='lat' dir='ltr'><strong>tis,</strong></span> <span class='ocrx_word' id='word_1_221' title='bbox 365 1929 403 1960; x_wconf 88' lang='lat' dir='ltr'><strong>et</strong></span> <span class='ocrx_word' id='word_1_222' title='bbox 421 1922 610 1961; x_wconf 89' lang='lat' dir='ltr'><strong>Canutius</strong></span> <span class='ocrx_word' id='word_1_223' title='bbox 628 1922 778 1961; x_wconf 82' lang='lat' dir='ltr'><strong>faceret.</strong></span> 
     </span>
    </p>

    <p class='ocr_par' dir='ltr' id='par_1_9' title="bbox 273 1975 1406 2300">
     <span class='ocr_line' id='line_1_31' title="bbox 337 1975 1406 2037; baseline 0.001 -23"><span class='ocrx_word' id='word_1_224' title='bbox 337 1975 485 2014; x_wconf 88' lang='lat' dir='ltr'><strong>Caetera</strong></span> <span class='ocrx_word' id='word_1_225' title='bbox 503 1976 719 2027; x_wconf 88' lang='lat' dir='ltr'><strong>cujusmodi</strong></span> <span class='ocrx_word' id='word_1_226' title='bbox 733 1976 823 2025; x_wconf 84' lang='lat' dir='ltr'><strong>sint,</strong></span> <span class='ocrx_word' id='word_1_227' title='bbox 844 1989 892 2015; x_wconf 85' lang='lat' dir='ltr'><strong>ex</strong></span> <span class='ocrx_word' id='word_1_228' title='bbox 910 1976 982 2015; x_wconf 89' lang='lat' dir='ltr'><strong>hoc</strong></span> <span class='ocrx_word' id='word_1_229' title='bbox 996 1976 1140 2026; x_wconf 83' lang='lat' dir='ltr'><strong>judica,</strong></span> <span class='ocrx_word' id='word_1_230' title='bbox 1157 1975 1261 2037; x_wconf 80' lang='lat' dir='ltr'><strong>quod</strong></span> <span class='ocrx_word' id='word_1_231' title='bbox 1278 1975 1406 2027; x_wconf 84' lang='lat' dir='ltr'><strong>legato</strong></span> 
     </span>
     <span class='ocr_line' id='line_1_32' title="bbox 281 2026 1404 2092; baseline 0 -24"><span class='ocrx_word' id='word_1_232' title='bbox 281 2036 350 2068; x_wconf 83' lang='lat' dir='ltr'><strong>tuo</strong></span> <span class='ocrx_word' id='word_1_233' title='bbox 362 2030 543 2069; x_wconf 87' lang='lat' dir='ltr'><strong>viaticum</strong></span> <span class='ocrx_word' id='word_1_234' title='bbox 559 2030 791 2082; x_wconf 90' lang='lat' dir='ltr'><strong>eripuerunt.</strong></span> <span class='ocrx_word' id='word_1_235' title='bbox 822 2026 931 2079; x_wconf 76' lang='lat' dir='ltr'><strong>Qffid</strong></span> <span class='ocrx_word' id='word_1_236' title='bbox 946 2044 1007 2069; x_wconf 88' lang='lat' dir='ltr'><strong>eos</strong></span> <span class='ocrx_word' id='word_1_237' title='bbox 1022 2029 1260 2092; x_wconf 78' lang='lat' dir='ltr'><strong>interpretari</strong></span> <span class='ocrx_word' id='word_1_238' title='bbox 1276 2037 1404 2082; x_wconf 79' lang='lat' dir='ltr'><strong>putas,</strong></span> 
     </span>
     <span class='ocr_line' id='line_1_33' title="bbox 281 2083 1403 2136; baseline 0 -14"><span class='ocrx_word' id='word_1_239' title='bbox 281 2096 370 2122; x_wconf 87' lang='lat' dir='ltr'><strong>cum</strong></span> <span class='ocrx_word' id='word_1_240' title='bbox 389 2084 461 2123; x_wconf 91' lang='lat' dir='ltr'><strong>hoc</strong></span> <span class='ocrx_word' id='word_1_241' title='bbox 475 2084 652 2123; x_wconf 82' lang='lat' dir='ltr'><strong>faciunt?</strong></span> <span class='ocrx_word' id='word_1_242' title='bbox 680 2084 750 2122; x_wconf 90' lang='lat' dir='ltr'><strong>Ad</strong></span> <span class='ocrx_word' id='word_1_243' title='bbox 763 2084 913 2123; x_wconf 90' lang='lat' dir='ltr'><strong>hostem</strong></span> <span class='ocrx_word' id='word_1_244' title='bbox 925 2084 1064 2124; x_wconf 82' lang='lat' dir='ltr'><strong>scilicet</strong></span> <span class='ocrx_word' id='word_1_245' title='bbox 1077 2084 1232 2136; x_wconf 76' lang='lat' dir='ltr'><strong>portari·</strong></span> <span class='ocrx_word' id='word_1_246' title='bbox 1262 2083 1301 2123; x_wconf 93' lang='grc' dir='ltr'><strong>Ο</strong></span> <span class='ocrx_word' id='word_1_247' title='bbox 1319 2096 1403 2122; x_wconf 88' lang='grc'>10111</span> 
     </span>
     <span class='ocr_line' id='line_1_34' title="bbox 278 2138 1402 2191; baseline 0.001 -16"><span class='ocrx_word' id='word_1_248' title='bbox 278 2138 481 2176; x_wconf 89' lang='lat' dir='ltr'><strong>miseram!</strong></span> <span class='ocrx_word' id='word_1_249' title='bbox 513 2138 715 2177; x_wconf 90' lang='lat' dir='ltr'><strong>dominum</strong></span> <span class='ocrx_word' id='word_1_250' title='bbox 740 2138 838 2177; x_wconf 87' lang='lat' dir='ltr'><strong>ferre</strong></span> <span class='ocrx_word' id='word_1_251' title='bbox 865 2151 942 2177; x_wconf 91' lang='lat' dir='ltr'><strong>non</strong></span> <span class='ocrx_word' id='word_1_252' title='bbox 970 2139 1191 2191; x_wconf 87' lang='lat' dir='ltr'><strong>potuimus:</strong></span> <span class='ocrx_word' id='word_1_253' title='bbox 1222 2150 1402 2177; x_wconf 88' lang='lat' dir='ltr'><strong>conservo</strong></span> 
     </span>
     <span class='ocr_line' id='line_1_35' title="bbox 278 2191 1400 2245; baseline 0 -15"><span class='ocrx_word' id='word_1_254' title='bbox 278 2192 475 2231; x_wconf 89' lang='lat' dir='ltr'><strong>servimus.</strong></span> <span class='ocrx_word' id='word_1_255' title='bbox 503 2192 559 2230; x_wconf 83' lang='lat' dir='ltr'><strong>Et</strong></span> <span class='ocrx_word' id='word_1_256' title='bbox 570 2199 713 2240; x_wconf 78' lang='lat' dir='ltr'><strong>tamen,</strong></span> <span class='ocrx_word' id='word_1_257' title='bbox 729 2205 793 2232; x_wconf 90' lang='lat' dir='ltr'><strong>me</strong></span> <span class='ocrx_word' id='word_1_258' title='bbox 805 2192 962 2245; x_wconf 88' lang='lat' dir='ltr'><strong>quidem</strong></span> <span class='ocrx_word' id='word_1_259' title='bbox 977 2193 1128 2232; x_wconf 85' lang='lat' dir='ltr'><strong>favente</strong></span> <span class='ocrx_word' id='word_1_260' title='bbox 1139 2191 1264 2244; x_wconf 85' lang='lat' dir='ltr'><strong>magis</strong></span> <span class='ocrx_word' id='word_1_261' title='bbox 1281 2204 1400 2245; x_wconf 82' lang='lat' dir='ltr'><strong>quam</strong></span> 
     </span>
     <span class='ocr_line' id='line_1_36' title="bbox 273 2245 1401 2300; baseline 0.002 -17"><span class='ocrx_word' id='word_1_262' title='bbox 273 2253 462 2297; x_wconf 84' lang='lat' dir='ltr'><strong>sperante,</strong></span> <span class='ocrx_word' id='word_1_263' title='bbox 482 2245 597 2286; x_wconf 85' lang='lat' dir='ltr'><strong>etiam</strong></span> <span class='ocrx_word' id='word_1_264' title='bbox 618 2258 721 2286; x_wconf 90' lang='lat' dir='ltr'><strong>nunc</strong></span> <span class='ocrx_word' id='word_1_265' title='bbox 735 2246 878 2287; x_wconf 89' lang='lat' dir='ltr'><strong>residet</strong></span> <span class='ocrx_word' id='word_1_266' title='bbox 895 2260 980 2300; x_wconf 79' lang='lat' dir='ltr'><strong>spes</strong></span> <span class='ocrx_word' id='word_1_267' title='bbox 997 2247 1037 2286; x_wconf 90' lang='lat' dir='ltr'><strong>in</strong></span> <span class='ocrx_word' id='word_1_268' title='bbox 1057 2247 1197 2287; x_wconf 82' lang='lat' dir='ltr'><strong>virtute</strong></span> <span class='ocrx_word' id='word_1_269' title='bbox 1214 2245 1295 2286; x_wconf 61' lang='lat' dir='ltr'><strong>tua.</strong></span> <span class='ocrx_word' id='word_1_270' title='bbox 1324 2245 1401 2285; x_wconf 80' lang='lat' dir='ltr'><strong>Sed</strong></span> 
     </span>
    </p>
   </div>
  </div>
 </body>
</html>
