1501 2407
207 115 282 159 174
392 114 477 154 AD
503 110 803 153 DIVERSOS.
833 109 933 150 LIB.
963 110 1040 151 v1.
1073 110 1135 156 17.

309 224 419 273 (16.)
458 220 819 263 BITHYNICUS
847 217 1132 260 CICERONI
1170 219 1212 260 S.

256 333 585 383 (Argumentum.
611 355 666 363 —
691 328 1002 368 Commemorat&
1031 328 1102 367 sua
1132 335 1170 368 et
1200 328 1321 382 patris

201 387 384 436 amicitia,
403 394 525 438 rogat,
542 392 586 424 ut
605 398 644 424 se
663 386 858 423 absentem
877 390 1060 430 tueatur.)

255 495 298 534 Si
316 495 415 534 mihi
432 502 560 533 tecum
579 507 656 533 non
683 500 720 532 et
736 493 871 530 multae
890 499 927 530 et
947 492 1060 541 justae
1085 504 1208 530 causae
1226 492 1323 530 ami-

201 548 300 588 citiae
329 549 510 601 privatim
540 555 676 596 essent,
703 553 911 597 repeterem
938 545 1048 584 initia
1072 545 1249 585 amicitiae
1275 559 1324 585 ex

203 604 426 655 parentibus
461 603 600 641 nostris
616 616 627 646 ς
659 601 763 653 quod
800 599 1019 638 faciendum
1047 600 1094 638 iis
1131 600 1322 648 existimo,

204 657 274 708 qui
298 666 498 709 paternam
524 656 731 694 amicitiam
753 654 870 692 nullis
895 654 969 705 ipsi
986 653 1118 692 officijs
1135 655 1325 706 prosecuti

203 718 305 749 sunt.
336 712 475 762 Itaque
494 718 694 749 contentus
714 721 776 747 ero
794 706 921 745 nostra
938 708 1108 759 ipsorum
1127 708 1294 747 amiciti&
1311 722 1324 755 ;

203 766 314 814 cujus
332 764 472 803 fiducia
486 772 574 815 peto
595 777 617 801 a
636 771 686 811 te,
700 770 744 800 ut
759 763 953 800 absentem
972 774 1049 808 me,
1070 762 1322 813 quibuscum.

204 832 281 870 que
305 819 346 856 in
365 820 478 857 rebus
497 831 594 869 opus
612 817 742 863 fuerit,
762 823 906 864 tueare,
933 816 966 853 si
983 815 1136 853 nullum
1155 816 1323 855 officium

205 879 318 911 tuum
338 872 442 924 apud
460 884 523 910 me
541 870 873 910 intermoriturum
891 869 1097 909 existimas.
1128 869 1242 909 Vale.

304 1036 411 1084 (17.)
451 1034 514 1073 M.
552 1033 763 1074 CICERO
805 1032 1139 1073 BITHYNICO
1178 1034 1219 1073 S.

259 1143 586 1196 (Argumentum.
613 1168 668 1176 —-
692 1142 914 1194 Respondet
942 1142 1141 1194 Bithynici
1170 1141 1324 1182 cuidam

205 1194 374 1249 epistolae
405 1199 501 1250 (non
522 1204 650 1236 autem
676 1195 896 1248 superiori),
917 1197 996 1248 qua
1012 1196 1092 1245 ine,
1118 1197 1324 1236 constitut&

203 1251 414 1303 republica,
448 1265 537 1290 cum
571 1251 752 1290 Cicerone
781 1264 820 1289 se
852 1251 1030 1289 futurum
1069 1251 1321 1303 promiserat;

205 1305 310 1357 quod
346 1313 500 1357 gratum
533 1305 605 1344 sibi
634 1305 714 1343 fore
745 1305 957 1356 significat3
993 1312 1030 1344 et
1066 1317 1106 1344 se
1135 1306 1217 1356 ejus
1247 1317 1325 1344 esse

204 1359 512 1398 amantissimum
531 1359 761 1407 confirmat.)

259 1468 361 1507 Cum
375 1476 595 1506 caeterarum
613 1479 742 1505 rerum
761 1466 873 1505 causa
891 1466 1004 1519 cupio
1019 1480 1098 1506 esse
1116 1467 1324 1519 aliquando

204 1522 483 1573 rempublicam
509 1521 784 1566 constitutam3
815 1528 900 1559 tum
923 1522 1039 1559 velim
1060 1521 1158 1559 mihi
1180 1521 1324 1571 credas,

205 1576 379 1614 accedere
408 1576 448 1614 id
475 1576 590 1614 etiam
621 1587 698 1626 quo
727 1575 850 1626 magis
875 1582 1066 1626 expetam,
1091 1575 1324 1627 promissum

205 1637 335 1678 tuum,
357 1643 434 1682 quo
464 1630 505 1667 in
527 1629 645 1668 literis
666 1629 794 1667 uteris.
824 1629 964 1668 Scribis
990 1629 1107 1676 enim,
1133 1630 1164 1668 si
1187 1629 1242 1668 ita
1259 1624 1322 1679 sit,

204 1690 243 1720 te
269 1696 422 1722 mecum
447 1697 525 1722 esse
555 1684 757 1722 victurum.
789 1683 1016 1722 Gratissima
1039 1684 1137 1721 mihi
1167 1691 1234 1722 tua
1255 1697 1324 1723 vo-

204 1737 333 1776 luntas
346 1745 424 1776 est:
456 1738 623 1789 facisque
645 1737 743 1775 nihil
762 1737 931 1775 alienum
945 1737 1220 1776 necessitudine
1236 1750 1326 1777 nos-

204 1790 278 1838 tra,
305 1792 535 1843 judiciisque
553 1791 670 1842 patris
698 1791 756 1829 tui
780 1791 827 1829 de
845 1803 923 1839 me,
943 1792 1087 1829 summi
1105 1791 1188 1830 viri.
1217 1792 1325 1831 Nam

205 1844 258 1882 sic
276 1845 429 1892 habeto,
459 1845 731 1884 beneficiorum
749 1845 1016 1896 magnitudine
1034 1858 1111 1894 eos,
1141 1845 1209 1897 qui
1228 1853 1325 1884 tem-

204 1898 362 1950 poribus
387 1900 589 1937 valuerunt
609 1898 697 1948 [aut
715 1899 878 1951 valent‚]
906 1900 1181 1949 conjunctiores
1199 1907 1326 1938 tecum

207 1965 301 2000 esse,
332 1965 450 2004 quam
487 1966 578 1998 meg
618 1952 893 1992 necessitudine
927 1953 1133 1992 neminem.
1174 1954 1326 2002 Quam-

205 2007 338 2044 obrem
368 2013 475 2057 grata
503 2007 601 2045 mihi
631 2015 686 2045 est
711 2014 748 2045 et
772 2007 958 2046 memoria
981 2015 1050 2046 tua
1072 2015 1211 2047 nostrae
1236 2021 1326 2047 con-

197 2059 421 2111 junctionis,
442 2068 480 2101 et
497 2062 580 2112 ejus
599 2061 714 2100 etiam
733 2061 919 2113 augendae
937 2062 1126 2102 voluntas.
1154 2062 1267 2102 Vale.
