1481 2422
182 141 262 178 308
383 137 466 178 AD
496 135 793 176 DIVERSOS.
823 135 925 174 LIB.
955 135 1010 175 X.
1038 136 1108 175 23.

186 254 411 299 pontesque,
438 258 535 298 quos
564 245 742 292 feceram,
765 245 969 297 interrupi,
998 252 1045 284 ut
1067 245 1237 298 spatium
1266 245 1316 286 ad

190 301 451 352 colligendum
471 313 510 339 se
527 300 701 339 homines
726 299 924 348 haberent,
945 307 983 339 et
1002 313 1072 351 ego
1091 313 1155 339 me
1173 300 1318 339 interea

191 368 281 394 cum
311 355 458 407 collega
482 355 781 406 conjungerem.
813 367 930 406 quem
959 354 1102 403 triduo,
1129 367 1219 393 cum
1246 354 1319 393 has

194 410 336 448 dabam
354 410 497 457 literas,
518 411 799 470 exspectabam.

247 464 465 503 Laterensis
483 464 603 503 nostri
629 471 667 501 et
685 463 803 501 fidem
823 470 860 501 et
889 463 1065 502 animum
1085 463 1319 516 singularem

191 518 233 557 in
262 519 542 570 rempublicam
576 531 726 568 semper
757 517 916 556 fatebor.
961 517 1038 557 Sed
1066 526 1166 557 certe
1198 518 1320 557 nimia

193 573 276 623 ejus
310 573 552 624 indulgentia
578 573 620 610 in
639 571 836 622 Lepidum
862 572 911 610 ad
931 571 1014 610 haec
1037 573 1207 623 pericula
1233 586 1320 624 per-

192 627 387 679 spicienda
417 627 508 665 fecit
538 639 627 665 eum
653 626 785 663 minus
821 639 1008 677 sagacem.
1049 626 1132 674 Qui
1160 627 1320 679 quidem

194 695 284 720 cum
304 682 344 719 in
369 681 547 719 fraudem
574 694 613 719 se
631 679 842 719 deductum
861 680 1019 728 videret,
1038 693 1192 730 manus,
1223 695 1320 734 quas

188 737 332 786 justius
363 735 404 773 in
442 734 583 787 Lepidi
614 734 823 786 perniciem
852 735 1051 783 armasset,
1085 735 1158 774 sibi
1186 736 1322 777 afferre

193 798 351 829 conatus
371 797 437 828 aet.
468 789 518 827 In
537 802 615 841 quo
642 802 731 827 casu
750 796 880 827 tamen
898 789 1177 841 interpellatus,
1196 799 1235 830 et
1251 792 1321 830 ad-

193 844 271 882 huc
284 844 392 892 vivit,
414 851 451 882 et
470 844 609 882 dicitur
622 843 804 883 victurus.
836 843 912 883 Sed
926 851 1055 882 tamen
1070 844 1118 883 de
1135 845 1208 886 hoc
1220 847 1322 888 mihi

193 912 333 950 pamm
353 908 499 937 certum
522 906 589 936 est.

249 953 401 1004 Magno
430 966 521 992 cum
551 953 681 991 dolore
709 952 1000 1004 parricidarum,
1039 953 1192 1006 elapsus
1228 967 1320 997 sum

193 1007 251 1046 iis.
282 1008 503 1046 Veniebant
535 1008 653 1055 enim,
685 1007 819 1046 eodem
845 1008 975 1046 furore
1001 1007 1043 1046 in
1064 1021 1143 1057 me,
1173 1023 1253 1063 quo
1275 1012 1319 1053 in

193 1062 374 1114 patriam,
408 1062 566 1100 incitati.
606 1061 830 1100 Iracundias
859 1070 990 1101 autem
1018 1062 1159 1102 harum
1187 1078 1319 1105 rerum

194 1124 361 1155 recentes
399 1116 620 1155 habebant:
662 1116 767 1167 quod
800 1116 996 1168 Iaepidum
1026 1118 1210 1170 mstigare
1240 1131 1320 1160 non

196 1171 430 1219 destiteram,
451 1178 496 1209 ut
525 1170 783 1221 exstingueret
799 1171 976 1217 bellum3
1007 1172 1112 1224 quod
1129 1173 1322 1237 colloquia

195 1225 298 1264 facta
314 1225 612 1278 improbabam;
643 1225 747 1277 quod
775 1226 935 1287 legatos,
955 1226 1032 1265 fide
1060 1227 1201 1278 Lepidi
1226 1229 1322 1268 mis-

197 1292 256 1319 sos
286 1280 336 1318 ad
364 1293 443 1328 me,
469 1279 510 1317 in
536 1287 782 1331 conspectum
811 1280 940 1319 venire
964 1287 1185 1328 vetueram3
1215 1284 1323 1335 quod

198 1334 231 1373 C
264 1334 422 1373 Catium
451 1334 491 1371 V
494 1334 674 1381 eetinum,
700 1334 902 1372 tribunum
933 1334 1120 1385 militum,
1153 1337 1321 1377 missum

198 1390 248 1427 ab
266 1389 443 1427 Antonio
461 1388 510 1426 ad
532 1387 611 1440 [se]
634 1401 723 1426 cum
741 1388 873 1435 literis,
891 1401 1127 1441 exceperam.
1175 1391 1227 1430 In
1240 1405 1324 1444 quo

197 1443 299 1482 hanc
317 1443 425 1494 capio
453 1442 706 1504 voluptatem,
734 1442 839 1494 quod
861 1450 975 1490 certe,
1001 1457 1080 1495 quo
1104 1445 1228 1496 magis
1255 1459 1324 1486 me

198 1505 432 1589 peffirlerunt,
464 1504 571 1535 tanto
602 1498 789 1547 majorem
829 1496 890 1536 his
921 1497 1118 1537 frustratio
1149 1499 1322 1540 dolorem

200 1559 256 1590 att
315 1559 341 1590 t.

256 1606 338 1652 Tu,
358 1605 414 1643 mi
434 1605 588 1654 Cicero,
609 1605 713 1657 quod
732 1605 858 1644 adhuc
878 1605 1013 1653 fecisti,
1033 1606 1137 1645 idem
1155 1616 1324 1671 prasta3

199 1667 245 1699 ut
277 1660 479 1711 vigilanter
510 1673 744 1721 nervoseque
773 1673 858 1708 nos,
889 1660 957 1712 qui
987 1668 1135 1700 stamus
1159 1663 1208 1700 ιιι
1230 1664 1324 1712 acie,

201 1715 396 1753 subornoe.
427 1714 467 1753 V
469 1714 571 1752 eniat
601 1714 729 1753 Caesar
747 1727 836 1753 cum
862 1715 992 1766 copiis,
1013 1728 1109 1766 quas
1127 1716 1244 1756 habet
1260 1718 1327 1756 fir·

200 1768 420 1813 missimas;
451 1776 532 1817 aut,
566 1768 599 1807 si
623 1769 755 1831 ipsum
779 1769 910 1821 aliqua
932 1782 993 1808 res
1016 1769 1192 1831 impedit,
1219 1785 1331 1810 exer-

201 1822 299 1862 citus
317 1823 518 1867 mittaturg
549 1824 660 1872 cujus
684 1823 804 1875 ipsius
821 1836 1012 1875 magnum
1033 1825 1161 1886 agitur
1177 1826 1328 1877 pericu-

201 1877 299 1915 lum.
329 1876 535 1928 Quidquid
566 1877 774 1928 aliquando
809 1877 988 1916 futurum
1023 1878 1099 1916 fuit
1126 1879 1167 1917 ιιι
1196 1880 1333 1919 castris

201 1931 441 1983 perditorum
459 1939 590 1970 contra
607 1932 787 1982 patriam,
807 1931 879 1971 hoc
897 1944 1012 1971 omne
1029 1933 1113 1982 jam
1139 1934 1329 1973 convenit.

203 1986 282 2025 Pro
302 1985 421 2024 Urbis
439 1998 528 2024 vero
547 1986 669 2024 salute
686 1999 755 2025 cur
771 1998 850 2024 non
868 1987 1049 2025 omnibus
1066 1986 1329 2037 facultatibus,

202 2053 300 2091 quas
321 2039 524 2087 habemus,
556 2048 736 2079 utamur.
727 2042 744 2067 ⁹
773 2040 893 2089 Quod
917 2040 950 2079 si
973 2053 1041 2080 vos
1061 2041 1146 2080 istic
1164 2054 1243 2080 non
1264 2042 1336 2082 de-

201 2094 363 2143 fueritis,
387 2094 571 2146 profecto,
599 2094 704 2146 quod
733 2094 782 2133 ad
811 2107 876 2133 me
894 2095 1044 2142 attinet,
1065 2095 1246 2135 omnibus
1270 2109 1337 2141 re-

203 2148 278 2186 bus
295 2148 450 2187 abunde
479 2148 700 2200 reipublicae
718 2148 960 2187 satisfaciam.
990 2149 1052 2188 Te
1080 2149 1254 2200 quidem,
1275 2151 1331 2189 mi

204 2201 352 2251 Cicero,
373 2202 413 2240 in
432 2202 514 2242 dies
539 2201 812 2252 (mehercules)
844 2203 969 2243 habeo
987 2203 1336 2250 cariorem;s011i-

204 2231 471 2310 citudixiesque
499 2270 606 2297 meas
636 2257 807 2309 quotidie
838 2257 962 2309 magis
999 2265 1067 2313 tua
1098 2258 1237 2299 merita
1267 2271 1340 2299 ex-
