<?xml version="1.0" encoding="UTF-8"?>
<!DOCTYPE html PUBLIC "-//W3C//DTD XHTML 1.0 Transitional//EN"
    "http://www.w3.org/TR/xhtml1/DTD/xhtml1-transitional.dtd">
<html xmlns="http://www.w3.org/1999/xhtml" xml:lang="en" lang="en">
 <head>
  <title>
</title>
<meta http-equiv="Content-Type" content="text/html;charset=utf-8" />
  <meta name='ocr-system' content='tesseract 3.04.00' />
  <meta name='ocr-capabilities' content='ocr_page ocr_carea ocr_par ocr_line ocrx_word'/>
</head>
<body>
  <div class='ocr_page' id='page_1' title='image "./operaern09ciceuoft_0342.png"; bbox 0 0 1481 2422; ppageno 0'>
   <div class='ocr_carea' id='block_1_1' title="bbox 206 124 1332 289">
    <p class='ocr_par' dir='ltr' id='par_1_1' title="bbox 206 124 1332 289">
     <span class='ocr_line' id='line_1_1' title="bbox 206 124 1129 167; baseline -0.002 -2"><span class='ocrx_word' id='word_1_1' title='bbox 206 127 287 165; x_wconf 85' lang='lat'>328</span> <span class='ocrx_word' id='word_1_2' title='bbox 423 125 508 165; x_wconf 82' lang='lat' dir='ltr'>AD</span> <span class='ocrx_word' id='word_1_3' title='bbox 537 125 836 167; x_wconf 86' lang='lat' dir='ltr'>DIVERSOS.</span> <span class='ocrx_word' id='word_1_4' title='bbox 863 125 965 165; x_wconf 78' lang='lat' dir='ltr'>Lm.</span> <span class='ocrx_word' id='word_1_5' title='bbox 982 124 1061 164; x_wconf 89' lang='lat' dir='ltr'>XI.</span> <span class='ocrx_word' id='word_1_6' title='bbox 1094 125 1129 163; x_wconf 85' lang='lat'>1.</span> 
     </span>
     <span class='ocr_line' id='line_1_2' title="bbox 206 231 1332 289; baseline -0.001 -17"><span class='ocrx_word' id='word_1_7' title='bbox 206 242 275 273; x_wconf 82' lang='lat' dir='ltr'>trae</span> <span class='ocrx_word' id='word_1_8' title='bbox 292 234 576 286; x_wconf 80' lang='lat' dir='ltr'>habuissemus,</span> <span class='ocrx_word' id='word_1_9' title='bbox 596 236 716 274; x_wconf 86' lang='lat' dir='ltr'>nullae</span> <span class='ocrx_word' id='word_1_10' title='bbox 733 242 860 289; x_wconf 84' lang='lat' dir='ltr'>partes</span> <span class='ocrx_word' id='word_1_11' title='bbox 878 235 924 274; x_wconf 87' lang='lat' dir='ltr'>iis</span> <span class='ocrx_word' id='word_1_12' title='bbox 942 235 983 273; x_wconf 91' lang='lat' dir='ltr'>in</span> <span class='ocrx_word' id='word_1_13' title='bbox 1001 231 1198 287; x_wconf 61' lang='lat' dir='ltr'>republica</span> <span class='ocrx_word' id='word_1_14' title='bbox 1215 231 1332 272; x_wconf 88' lang='lat' dir='ltr'>relin-</span> 
     </span>
    </p>
   </div>
   <div class='ocr_carea' id='block_1_2' title="bbox 203 297 1338 2127">
    <p class='ocr_par' dir='ltr' id='par_1_2' title="bbox 233 297 425 327">
     <span class='ocr_line' id='line_1_3' title="bbox 233 297 425 327; baseline 0 0"><span class='ocrx_word' id='word_1_15' title='bbox 233 297 425 327; x_wconf 90' lang='lat' dir='ltr'>uerentur.</span> 
     </span>
    </p>

    <p class='ocr_par' dir='ltr' id='par_1_3' title="bbox 205 303 1338 1043">
     <span class='ocr_line' id='line_1_4' title="bbox 205 303 1334 396; baseline -0.003 -14"><span class='ocrx_word' id='word_1_16' title='bbox 205 303 232 341; x_wconf 80' lang='lat' dir='ltr'><strong>q</strong></span> <span class='ocrx_word' id='word_1_17' title='bbox 261 343 362 382; x_wconf 88' lang='lat' dir='ltr'>Cum</span> <span class='ocrx_word' id='word_1_18' title='bbox 383 344 424 382; x_wconf 86' lang='lat' dir='ltr'>in</span> <span class='ocrx_word' id='word_1_19' title='bbox 442 344 503 384; x_wconf 85' lang='lat' dir='ltr'>his</span> <span class='ocrx_word' id='word_1_20' title='bbox 521 345 708 396; x_wconf 86' lang='lat' dir='ltr'>angustiis</span> <span class='ocrx_word' id='word_1_21' title='bbox 726 357 906 393; x_wconf 88' lang='lat' dir='ltr'>versarer,</span> <span class='ocrx_word' id='word_1_22' title='bbox 933 343 1120 396; x_wconf 86' lang='lat' dir='ltr'>placitum</span> <span class='ocrx_word' id='word_1_23' title='bbox 1145 349 1202 381; x_wconf 84' lang='lat' dir='ltr'>est</span> <span class='ocrx_word' id='word_1_24' title='bbox 1219 341 1334 389; x_wconf 91' lang='lat' dir='ltr'>mihi,</span> 
     </span>
     <span class='ocr_line' id='line_1_5' title="bbox 205 396 1335 451; baseline -0.001 -16"><span class='ocrx_word' id='word_1_25' title='bbox 205 404 251 435; x_wconf 87' lang='lat' dir='ltr'>ut</span> <span class='ocrx_word' id='word_1_26' title='bbox 269 399 503 449; x_wconf 84' lang='lat' dir='ltr'><strong>postularem</strong></span> <span class='ocrx_word' id='word_1_27' title='bbox 522 399 752 451; x_wconf 82' lang='lat' dir='ltr'>legationem</span> <span class='ocrx_word' id='word_1_28' title='bbox 770 399 932 437; x_wconf 83' lang='lat' dir='ltr'>liberam</span> <span class='ocrx_word' id='word_1_29' title='bbox 957 398 1069 446; x_wconf 89' lang='lat' dir='ltr'>mihi,</span> <span class='ocrx_word' id='word_1_30' title='bbox 1100 396 1335 449; x_wconf 78' lang='lat' dir='ltr'><strong>reliquisque</strong></span> 
     </span>
     <span class='ocr_line' id='line_1_6' title="bbox 206 452 1336 505; baseline -0.002 -15"><span class='ocrx_word' id='word_1_31' title='bbox 206 452 358 499; x_wconf 87' lang='lat' dir='ltr'>nostris,</span> <span class='ocrx_word' id='word_1_32' title='bbox 378 460 423 491; x_wconf 83' lang='lat' dir='ltr'>ut</span> <span class='ocrx_word' id='word_1_33' title='bbox 440 454 571 505; x_wconf 83' lang='lat' dir='ltr'>aliqua</span> <span class='ocrx_word' id='word_1_34' title='bbox 589 466 702 491; x_wconf 89' lang='lat' dir='ltr'>causa</span> <span class='ocrx_word' id='word_1_35' title='bbox 719 452 982 504; x_wconf 84' lang='lat' dir='ltr'>proficiscendi</span> <span class='ocrx_word' id='word_1_36' title='bbox 1008 453 1168 491; x_wconf 87' lang='lat' dir='ltr'>honesta</span> <span class='ocrx_word' id='word_1_37' title='bbox 1186 463 1336 502; x_wconf 86' lang='lat' dir='ltr'>quaere-</span> 
     </span>
     <span class='ocr_line' id='line_1_7' title="bbox 206 507 1333 559; baseline -0.002 -15"><span class='ocrx_word' id='word_1_38' title='bbox 206 514 323 544; x_wconf 89' lang='lat' dir='ltr'>retur.</span> <span class='ocrx_word' id='word_1_39' title='bbox 345 507 443 545; x_wconf 81' lang='lat' dir='ltr'>Haec</span> <span class='ocrx_word' id='word_1_40' title='bbox 456 521 494 546; x_wconf 88' lang='lat' dir='ltr'>se</span> <span class='ocrx_word' id='word_1_41' title='bbox 504 509 801 559; x_wconf 86' lang='lat' dir='ltr'>impetraturum</span> <span class='ocrx_word' id='word_1_42' title='bbox 813 507 1007 559; x_wconf 78' lang='lat' dir='ltr'>pollicitus</span> <span class='ocrx_word' id='word_1_43' title='bbox 1022 513 1078 545; x_wconf 88' lang='lat' dir='ltr'>est</span> <span class='ocrx_word' id='word_1_44' title='bbox 1088 520 1101 543; x_wconf 74' lang='grc' dir='ltr'>ε</span> <span class='ocrx_word' id='word_1_45' title='bbox 1121 518 1191 544; x_wconf 89' lang='lat' dir='ltr'>nec</span> <span class='ocrx_word' id='word_1_46' title='bbox 1202 512 1333 543; x_wconf 86' lang='lat' dir='ltr'>tamen</span> 
     </span>
     <span class='ocr_line' id='line_1_8' title="bbox 207 559 1335 612; baseline -0.001 -14"><span class='ocrx_word' id='word_1_47' title='bbox 207 560 503 612; x_wconf 82' lang='lat' dir='ltr'>impetraturum</span> <span class='ocrx_word' id='word_1_48' title='bbox 525 561 693 600; x_wconf 85' lang='lat' dir='ltr'>confido:</span> <span class='ocrx_word' id='word_1_49' title='bbox 716 569 824 600; x_wconf 88' lang='lat' dir='ltr'>tanta</span> <span class='ocrx_word' id='word_1_50' title='bbox 842 568 898 599; x_wconf 90' lang='lat' dir='ltr'>est</span> <span class='ocrx_word' id='word_1_51' title='bbox 914 560 1119 599; x_wconf 87' lang='lat' dir='ltr'>hominum</span> <span class='ocrx_word' id='word_1_52' title='bbox 1133 559 1335 598; x_wconf 83' lang='lat' dir='ltr'>insolentia</span> 
     </span>
     <span class='ocr_line' id='line_1_9' title="bbox 206 614 1333 667; baseline -0.002 -14"><span class='ocrx_word' id='word_1_53' title='bbox 206 623 246 653; x_wconf 85' lang='lat' dir='ltr'>et</span> <span class='ocrx_word' id='word_1_54' title='bbox 275 616 395 653; x_wconf 82' lang='lat' dir='ltr'>nostri</span> <span class='ocrx_word' id='word_1_55' title='bbox 420 615 627 655; x_wconf 85' lang='lat' dir='ltr'>insectatio.</span> <span class='ocrx_word' id='word_1_56' title='bbox 655 616 733 663; x_wconf 92' lang='lat' dir='ltr'>Ac,</span> <span class='ocrx_word' id='word_1_57' title='bbox 761 616 793 654; x_wconf 89' lang='lat' dir='ltr'>si</span> <span class='ocrx_word' id='word_1_58' title='bbox 818 615 992 654; x_wconf 86' lang='lat' dir='ltr'>dederint</span> <span class='ocrx_word' id='word_1_59' title='bbox 1020 614 1125 667; x_wconf 91' lang='lat' dir='ltr'>quod</span> <span class='ocrx_word' id='word_1_60' title='bbox 1149 614 1333 665; x_wconf 87' lang='lat' dir='ltr'>petimus,</span> 
     </span>
     <span class='ocr_line' id='line_1_10' title="bbox 206 668 1334 734; baseline -0.002 -27"><span class='ocrx_word' id='word_1_61' title='bbox 206 676 337 708; x_wconf 81' lang='lat' dir='ltr'>tamen</span> <span class='ocrx_word' id='word_1_62' title='bbox 356 671 477 734; x_wconf 76' lang='lat' dir='ltr'>paulo</span> <span class='ocrx_word' id='word_1_63' title='bbox 488 683 555 722; x_wconf 81' lang='lat' dir='ltr'>pos</span> <span class='ocrx_word' id='word_1_64' title='bbox 559 678 573 708; x_wconf 89' lang='lat' dir='ltr'>t</span> <span class='ocrx_word' id='word_1_65' title='bbox 590 669 768 708; x_wconf 87' lang='lat' dir='ltr'>futurum</span> <span class='ocrx_word' id='word_1_66' title='bbox 782 677 891 721; x_wconf 87' lang='lat' dir='ltr'>puto,</span> <span class='ocrx_word' id='word_1_67' title='bbox 904 677 949 708; x_wconf 92' lang='lat' dir='ltr'>ut</span> <span class='ocrx_word' id='word_1_68' title='bbox 959 669 1085 708; x_wconf 84' lang='lat' dir='ltr'>hostes</span> <span class='ocrx_word' id='word_1_69' title='bbox 1100 668 1334 729; x_wconf 78' lang='lat' dir='ltr'>judicemur,</span> 
     </span>
     <span class='ocr_line' id='line_1_11' title="bbox 206 721 1335 776; baseline -0.001 -14.998"><span class='ocrx_word' id='word_1_70' title='bbox 206 731 275 762; x_wconf 87' lang='lat' dir='ltr'>aut</span> <span class='ocrx_word' id='word_1_71' title='bbox 293 737 394 776; x_wconf 88' lang='lat' dir='ltr'>aqua</span> <span class='ocrx_word' id='word_1_72' title='bbox 412 732 449 762; x_wconf 90' lang='lat' dir='ltr'>et</span> <span class='ocrx_word' id='word_1_73' title='bbox 466 725 548 776; x_wconf 87' lang='lat' dir='ltr'>igni</span> <span class='ocrx_word' id='word_1_74' title='bbox 561 724 845 763; x_wconf 84' lang='lat' dir='ltr'>interdicamur.</span> <span class='ocrx_word' id='word_1_75' title='bbox 875 723 985 772; x_wconf 87' lang='lat' dir='ltr'>Quid</span> <span class='ocrx_word' id='word_1_76' title='bbox 999 736 1088 775; x_wconf 90' lang='lat' dir='ltr'>ergo</span> <span class='ocrx_word' id='word_1_77' title='bbox 1103 731 1172 766; x_wconf 87' lang='lat' dir='ltr'>est</span> <span class='ocrx_word' id='word_1_78' title='bbox 1188 721 1335 774; x_wconf 87' lang='lat' dir='ltr'>inquis,</span> 
     </span>
     <span class='ocr_line' id='line_1_12' title="bbox 207 776 1336 817; baseline -0.001 -2"><span class='ocrx_word' id='word_1_79' title='bbox 207 786 233 816; x_wconf 89' lang='lat' dir='ltr'>t</span> <span class='ocrx_word' id='word_1_80' title='bbox 229 778 266 815; x_wconf 88' lang='lat' dir='ltr'>1i</span> <span class='ocrx_word' id='word_1_81' title='bbox 286 778 462 816; x_wconf 84' lang='lat' dir='ltr'>consilii?</span> <span class='ocrx_word' id='word_1_82' title='bbox 502 778 669 817; x_wconf 86' lang='lat' dir='ltr'>Dandus</span> <span class='ocrx_word' id='word_1_83' title='bbox 695 786 750 817; x_wconf 89' lang='lat' dir='ltr'>est</span> <span class='ocrx_word' id='word_1_84' title='bbox 776 778 882 817; x_wconf 89' lang='lat' dir='ltr'>locus</span> <span class='ocrx_word' id='word_1_85' title='bbox 901 778 1090 817; x_wconf 88' lang='lat' dir='ltr'>fortunae.</span> <span class='ocrx_word' id='word_1_86' title='bbox 1122 776 1336 816; x_wconf 89' lang='lat' dir='ltr'>cedendum</span> 
     </span>
     <span class='ocr_line' id='line_1_13' title="bbox 209 831 1338 884; baseline -0.001 -14"><span class='ocrx_word' id='word_1_87' title='bbox 209 845 257 870; x_wconf 80' lang='lat' dir='ltr'>ex</span> <span class='ocrx_word' id='word_1_88' title='bbox 288 831 430 871; x_wconf 85' lang='lat' dir='ltr'>Italia:</span> <span class='ocrx_word' id='word_1_89' title='bbox 461 833 710 884; x_wconf 82' lang='lat' dir='ltr'>migrandum</span> <span class='ocrx_word' id='word_1_90' title='bbox 735 833 938 881; x_wconf 83' lang='lat' dir='ltr'>Rhodum,</span> <span class='ocrx_word' id='word_1_91' title='bbox 964 839 1033 871; x_wconf 88' lang='lat' dir='ltr'>aut</span> <span class='ocrx_word' id='word_1_92' title='bbox 1057 832 1188 884; x_wconf 87' lang='lat' dir='ltr'>aliquo</span> <span class='ocrx_word' id='word_1_93' title='bbox 1217 841 1338 870; x_wconf 86' lang='lat' dir='ltr'>terra-</span> 
     </span>
     <span class='ocr_line' id='line_1_14' title="bbox 208 886 1338 935; baseline -0.001 -11"><span class='ocrx_word' id='word_1_94' title='bbox 208 899 313 934; x_wconf 86' lang='lat' dir='ltr'>rum,</span> <span class='ocrx_word' id='word_1_95' title='bbox 344 887 516 926; x_wconf 76' lang='lat' dir='ltr'>arbitror.</span> <span class='ocrx_word' id='word_1_96' title='bbox 562 888 604 926; x_wconf 82' lang='lat' dir='ltr'>Si</span> <span class='ocrx_word' id='word_1_97' title='bbox 633 887 770 926; x_wconf 85' lang='lat' dir='ltr'>melior</span> <span class='ocrx_word' id='word_1_98' title='bbox 798 900 909 926; x_wconf 87' lang='lat' dir='ltr'>casus</span> <span class='ocrx_word' id='word_1_99' title='bbox 939 886 1069 935; x_wconf 85' lang='lat' dir='ltr'>fuerit,</span> <span class='ocrx_word' id='word_1_100' title='bbox 1102 892 1338 925; x_wconf 86' lang='lat' dir='ltr'>revertemur</span> 
     </span>
     <span class='ocr_line' id='line_1_15' title="bbox 207 939 1337 992; baseline 0 -13"><span class='ocrx_word' id='word_1_101' title='bbox 207 941 404 980; x_wconf 85' lang='lat' dir='ltr'>Romam:</span> <span class='ocrx_word' id='word_1_102' title='bbox 435 942 466 980; x_wconf 90' lang='lat' dir='ltr'>si</span> <span class='ocrx_word' id='word_1_103' title='bbox 485 941 700 989; x_wconf 86' lang='lat' dir='ltr'>mediocris,</span> <span class='ocrx_word' id='word_1_104' title='bbox 720 942 761 980; x_wconf 86' lang='lat' dir='ltr'>in</span> <span class='ocrx_word' id='word_1_105' title='bbox 781 942 914 980; x_wconf 81' lang='lat' dir='ltr'>exsilio</span> <span class='ocrx_word' id='word_1_106' title='bbox 932 941 1132 980; x_wconf 84' lang='lat' dir='ltr'>vivemus:</span> <span class='ocrx_word' id='word_1_107' title='bbox 1167 940 1200 979; x_wconf 90' lang='lat' dir='ltr'>si</span> <span class='ocrx_word' id='word_1_108' title='bbox 1217 939 1337 992; x_wconf 86' lang='lat' dir='ltr'>pessi-</span> 
     </span>
     <span class='ocr_line' id='line_1_16' title="bbox 207 995 1072 1043; baseline 0.001 -10"><span class='ocrx_word' id='word_1_109' title='bbox 207 1008 311 1043; x_wconf 89' lang='lat' dir='ltr'>mus,</span> <span class='ocrx_word' id='word_1_110' title='bbox 332 995 382 1033; x_wconf 82' lang='lat' dir='ltr'>ad</span> <span class='ocrx_word' id='word_1_111' title='bbox 400 996 606 1035; x_wconf 78' lang='lat' dir='ltr'>novissima</span> <span class='ocrx_word' id='word_1_112' title='bbox 624 996 769 1035; x_wconf 81' lang='lat' dir='ltr'>auxilia</span> <span class='ocrx_word' id='word_1_113' title='bbox 787 995 1072 1035; x_wconf 84' lang='lat' dir='ltr'>descendemus.</span> 
     </span>
    </p>

    <p class='ocr_par' dir='ltr' id='par_1_4' title="bbox 207 1050 1337 1524">
     <span class='ocr_line' id='line_1_17' title="bbox 262 1050 1336 1096; baseline -0.001 -8"><span class='ocrx_word' id='word_1_114' title='bbox 262 1050 465 1088; x_wconf 79' lang='lat' dir='ltr'>succurret</span> <span class='ocrx_word' id='word_1_115' title='bbox 482 1050 639 1090; x_wconf 81' lang='lat' dir='ltr'>fortasse</span> <span class='ocrx_word' id='word_1_116' title='bbox 654 1050 726 1089; x_wconf 90' lang='lat' dir='ltr'>hoc</span> <span class='ocrx_word' id='word_1_117' title='bbox 743 1051 827 1090; x_wconf 85' lang='lat' dir='ltr'>loco</span> <span class='ocrx_word' id='word_1_118' title='bbox 846 1051 961 1090; x_wconf 77' lang='lat' dir='ltr'>alicui</span> <span class='ocrx_word' id='word_1_119' title='bbox 979 1051 1162 1096; x_wconf 69' lang='lat' dir='ltr'>vestrum,</span> <span class='ocrx_word' id='word_1_120' title='bbox 1179 1062 1248 1088; x_wconf 90' lang='lat' dir='ltr'>cur</span> <span class='ocrx_word' id='word_1_121' title='bbox 1265 1061 1336 1087; x_wconf 85' lang='lat' dir='ltr'>no-</span> 
     </span>
     <span class='ocr_line' id='line_1_18' title="bbox 207 1103 1336 1166; baseline 0 -24"><span class='ocrx_word' id='word_1_122' title='bbox 207 1103 410 1142; x_wconf 88' lang='lat' dir='ltr'>vissimum</span> <span class='ocrx_word' id='word_1_123' title='bbox 439 1113 591 1157; x_wconf 86' lang='lat' dir='ltr'>tempus</span> <span class='ocrx_word' id='word_1_124' title='bbox 619 1113 882 1156; x_wconf 75' lang='lat' dir='ltr'>exspectemus</span> <span class='ocrx_word' id='word_1_125' title='bbox 910 1104 1053 1166; x_wconf 78' lang='lat' dir='ltr'>potius,</span> <span class='ocrx_word' id='word_1_126' title='bbox 1084 1117 1202 1156; x_wconf 87' lang='lat' dir='ltr'>quam</span> <span class='ocrx_word' id='word_1_127' title='bbox 1232 1115 1336 1142; x_wconf 89' lang='lat' dir='ltr'>nunc</span> 
     </span>
     <span class='ocr_line' id='line_1_19' title="bbox 207 1157 1337 1210; baseline 0 -14"><span class='ocrx_word' id='word_1_128' title='bbox 207 1158 357 1210; x_wconf 83' lang='lat' dir='ltr'>aliquid</span> <span class='ocrx_word' id='word_1_129' title='bbox 375 1160 612 1199; x_wconf 76' lang='lat' dir='ltr'>moliamur?</span> <span class='ocrx_word' id='word_1_130' title='bbox 644 1159 693 1207; x_wconf 84' lang='lat' dir='ltr'>Q</span> <span class='ocrx_word' id='word_1_131' title='bbox 688 1160 763 1207; x_wconf 68' lang='lat' dir='ltr'>xia,</span> <span class='ocrx_word' id='word_1_132' title='bbox 790 1160 859 1199; x_wconf 88' lang='lat' dir='ltr'>ubi</span> <span class='ocrx_word' id='word_1_133' title='bbox 887 1159 1150 1207; x_wconf 82' lang='lat' dir='ltr'>consistamus,</span> <span class='ocrx_word' id='word_1_134' title='bbox 1170 1171 1248 1196; x_wconf 90' lang='lat' dir='ltr'>non</span> <span class='ocrx_word' id='word_1_135' title='bbox 1266 1157 1337 1196; x_wconf 89' lang='lat' dir='ltr'>ha-</span> 
     </span>
     <span class='ocr_line' id='line_1_20' title="bbox 207 1211 1337 1266; baseline 0 -15"><span class='ocrx_word' id='word_1_136' title='bbox 207 1215 359 1261; x_wconf 89' lang='lat' dir='ltr'>bemus,</span> <span class='ocrx_word' id='word_1_137' title='bbox 390 1222 527 1265; x_wconf 84' lang='lat' dir='ltr'>praetcr</span> <span class='ocrx_word' id='word_1_138' title='bbox 552 1216 641 1253; x_wconf 79' lang='lat' dir='ltr'>Sex.</span> <span class='ocrx_word' id='word_1_139' title='bbox 674 1214 925 1266; x_wconf 87' lang='lat' dir='ltr'>Pompeium,</span> <span class='ocrx_word' id='word_1_140' title='bbox 951 1221 988 1253; x_wconf 90' lang='lat' dir='ltr'>et</span> <span class='ocrx_word' id='word_1_141' title='bbox 1017 1214 1188 1252; x_wconf 85' lang='lat' dir='ltr'>Bassum</span> <span class='ocrx_word' id='word_1_142' title='bbox 1215 1211 1337 1251; x_wconf 83' lang='lat' dir='ltr'>Caeci-</span> 
     </span>
     <span class='ocr_line' id='line_1_21' title="bbox 207 1266 1337 1320; baseline 0.001 -16"><span class='ocrx_word' id='word_1_143' title='bbox 207 1267 331 1313; x_wconf 76' lang='lat' dir='ltr'>rmm3</span> <span class='ocrx_word' id='word_1_144' title='bbox 364 1268 431 1320; x_wconf 91' lang='lat' dir='ltr'>qui</span> <span class='ocrx_word' id='word_1_145' title='bbox 450 1268 548 1306; x_wconf 89' lang='lat' dir='ltr'>mihi</span> <span class='ocrx_word' id='word_1_146' title='bbox 567 1268 757 1315; x_wconf 86' lang='lat' dir='ltr'>videntur,</span> <span class='ocrx_word' id='word_1_147' title='bbox 789 1268 861 1308; x_wconf 89' lang='lat' dir='ltr'>hoc</span> <span class='ocrx_word' id='word_1_148' title='bbox 888 1268 1025 1307; x_wconf 84' lang='lat' dir='ltr'>nuntio</span> <span class='ocrx_word' id='word_1_149' title='bbox 1043 1267 1091 1306; x_wconf 88' lang='lat' dir='ltr'>de</span> <span class='ocrx_word' id='word_1_150' title='bbox 1111 1267 1262 1306; x_wconf 84' lang='lat' dir='ltr'>Caesare</span> <span class='ocrx_word' id='word_1_151' title='bbox 1279 1266 1337 1305; x_wconf 84' lang='lat' dir='ltr'>al-</span> 
     </span>
     <span class='ocr_line' id='line_1_22' title="bbox 207 1321 1336 1373; baseline 0 -14"><span class='ocrx_word' id='word_1_152' title='bbox 207 1322 301 1369; x_wconf 81' lang='lat' dir='ltr'>lato,</span> <span class='ocrx_word' id='word_1_153' title='bbox 321 1323 506 1361; x_wconf 84' lang='lat' dir='ltr'>firmiores</span> <span class='ocrx_word' id='word_1_154' title='bbox 531 1323 664 1361; x_wconf 83' lang='lat' dir='ltr'>futuri.</span> <span class='ocrx_word' id='word_1_155' title='bbox 695 1323 795 1362; x_wconf 86' lang='lat' dir='ltr'>Satis</span> <span class='ocrx_word' id='word_1_156' title='bbox 820 1331 991 1373; x_wconf 85' lang='lat' dir='ltr'>tempore</span> <span class='ocrx_word' id='word_1_157' title='bbox 1020 1322 1070 1360; x_wconf 88' lang='lat' dir='ltr'>ad</span> <span class='ocrx_word' id='word_1_158' title='bbox 1099 1334 1161 1360; x_wconf 83' lang='lat' dir='ltr'>eos</span> <span class='ocrx_word' id='word_1_159' title='bbox 1183 1321 1336 1360; x_wconf 86' lang='lat' dir='ltr'>accede-</span> 
     </span>
     <span class='ocr_line' id='line_1_23' title="bbox 207 1376 1334 1429; baseline 0.001 -16"><span class='ocrx_word' id='word_1_160' title='bbox 207 1389 309 1420; x_wconf 85' lang='lat' dir='ltr'>mus,</span> <span class='ocrx_word' id='word_1_161' title='bbox 332 1377 415 1426; x_wconf 91' lang='lat' dir='ltr'>ubi,</span> <span class='ocrx_word' id='word_1_162' title='bbox 435 1377 530 1429; x_wconf 90' lang='lat' dir='ltr'>quid</span> <span class='ocrx_word' id='word_1_163' title='bbox 549 1377 714 1424; x_wconf 83' lang='lat' dir='ltr'>valeant,</span> <span class='ocrx_word' id='word_1_164' title='bbox 741 1377 948 1416; x_wconf 85' lang='lat' dir='ltr'>scierimus.</span> <span class='ocrx_word' id='word_1_165' title='bbox 979 1377 1057 1415; x_wconf 93' lang='lat' dir='ltr'>Pro</span> <span class='ocrx_word' id='word_1_166' title='bbox 1075 1376 1207 1415; x_wconf 85' lang='lat' dir='ltr'>Cassio</span> <span class='ocrx_word' id='word_1_167' title='bbox 1227 1384 1264 1414; x_wconf 90' lang='lat' dir='ltr'>et</span> <span class='ocrx_word' id='word_1_168' title='bbox 1282 1386 1334 1423; x_wconf 85' lang='lat' dir='ltr'>te,</span> 
     </span>
     <span class='ocr_line' id='line_1_24' title="bbox 209 1429 1336 1484; baseline 0.001 -17"><span class='ocrx_word' id='word_1_169' title='bbox 209 1430 243 1467; x_wconf 83' lang='lat' dir='ltr'>si</span> <span class='ocrx_word' id='word_1_170' title='bbox 262 1430 357 1483; x_wconf 88' lang='lat' dir='ltr'>quid</span> <span class='ocrx_word' id='word_1_171' title='bbox 375 1443 438 1470; x_wconf 87' lang='lat' dir='ltr'>me</span> <span class='ocrx_word' id='word_1_172' title='bbox 466 1431 588 1470; x_wconf 85' lang='lat' dir='ltr'>velitis</span> <span class='ocrx_word' id='word_1_173' title='bbox 606 1431 784 1483; x_wconf 87' lang='lat' dir='ltr'>recipere,</span> <span class='ocrx_word' id='word_1_174' title='bbox 804 1431 997 1484; x_wconf 81' lang='lat' dir='ltr'>recipiam.</span> <span class='ocrx_word' id='word_1_175' title='bbox 1034 1430 1212 1471; x_wconf 80' lang='lat' dir='ltr'>Postulat</span> <span class='ocrx_word' id='word_1_176' title='bbox 1230 1429 1336 1469; x_wconf 88' lang='lat' dir='ltr'>enim</span> 
     </span>
     <span class='ocr_line' id='line_1_25' title="bbox 208 1484 687 1524; baseline 0.002 -2"><span class='ocrx_word' id='word_1_177' title='bbox 208 1484 282 1523; x_wconf 89' lang='lat' dir='ltr'>hoc</span> <span class='ocrx_word' id='word_1_178' title='bbox 301 1484 456 1523; x_wconf 88' lang='lat' dir='ltr'>Hirtius</span> <span class='ocrx_word' id='word_1_179' title='bbox 474 1493 519 1524; x_wconf 89' lang='lat' dir='ltr'>ut</span> <span class='ocrx_word' id='word_1_180' title='bbox 536 1484 687 1524; x_wconf 83' lang='lat' dir='ltr'>faciam.</span> 
     </span>
    </p>

    <p class='ocr_par' dir='ltr' id='par_1_5' title="bbox 204 1538 1336 1795">
     <span class='ocr_line' id='line_1_26' title="bbox 263 1538 1336 1592; baseline 0 -15"><span class='ocrx_word' id='word_1_181' title='bbox 263 1539 376 1590; x_wconf 85' lang='lat' dir='ltr'>Rogo</span> <span class='ocrx_word' id='word_1_182' title='bbox 394 1553 475 1588; x_wconf 81' lang='lat' dir='ltr'>vos,</span> <span class='ocrx_word' id='word_1_183' title='bbox 507 1552 626 1592; x_wconf 88' lang='lat' dir='ltr'>quam</span> <span class='ocrx_word' id='word_1_184' title='bbox 655 1539 827 1592; x_wconf 85' lang='lat' dir='ltr'>primum</span> <span class='ocrx_word' id='word_1_185' title='bbox 851 1538 951 1577; x_wconf 89' lang='lat' dir='ltr'>mihi</span> <span class='ocrx_word' id='word_1_186' title='bbox 976 1538 1214 1578; x_wconf 82' lang='lat' dir='ltr'>rescribatis:</span> <span class='ocrx_word' id='word_1_187' title='bbox 1243 1551 1336 1577; x_wconf 88' lang='lat' dir='ltr'>nam</span> 
     </span>
     <span class='ocr_line' id='line_1_27' title="bbox 207 1593 1335 1646; baseline 0.002 -16"><span class='ocrx_word' id='word_1_188' title='bbox 207 1605 285 1630; x_wconf 90' lang='lat' dir='ltr'>non</span> <span class='ocrx_word' id='word_1_189' title='bbox 300 1593 448 1641; x_wconf 86' lang='lat' dir='ltr'>dubito,</span> <span class='ocrx_word' id='word_1_190' title='bbox 467 1594 577 1646; x_wconf 91' lang='lat' dir='ltr'>quin,</span> <span class='ocrx_word' id='word_1_191' title='bbox 593 1593 652 1633; x_wconf 88' lang='lat' dir='ltr'>his</span> <span class='ocrx_word' id='word_1_192' title='bbox 671 1594 719 1633; x_wconf 88' lang='lat' dir='ltr'>de</span> <span class='ocrx_word' id='word_1_193' title='bbox 732 1596 860 1643; x_wconf 88' lang='lat' dir='ltr'>rebus,</span> <span class='ocrx_word' id='word_1_194' title='bbox 875 1601 965 1632; x_wconf 78' lang='lat' dir='ltr'>ante</span> <span class='ocrx_word' id='word_1_195' title='bbox 976 1594 1129 1632; x_wconf 87' lang='lat' dir='ltr'>hortam</span> <span class='ocrx_word' id='word_1_196' title='bbox 1141 1600 1335 1645; x_wconf 86' lang='lat' dir='ltr'>quartam,</span> 
     </span>
     <span class='ocr_line' id='line_1_28' title="bbox 207 1647 1336 1700; baseline 0.001 -14"><span class='ocrx_word' id='word_1_197' title='bbox 207 1647 362 1686; x_wconf 78' lang='lat' dir='ltr'>Hirtius</span> <span class='ocrx_word' id='word_1_198' title='bbox 384 1648 582 1687; x_wconf 89' lang='lat' dir='ltr'>certiorem</span> <span class='ocrx_word' id='word_1_199' title='bbox 609 1661 673 1687; x_wconf 91' lang='lat' dir='ltr'>me</span> <span class='ocrx_word' id='word_1_200' title='bbox 701 1649 748 1687; x_wconf 90' lang='lat' dir='ltr'>sit</span> <span class='ocrx_word' id='word_1_201' title='bbox 773 1649 959 1696; x_wconf 83' lang='lat' dir='ltr'>facturus,</span> <span class='ocrx_word' id='word_1_202' title='bbox 990 1661 1108 1700; x_wconf 90' lang='lat' dir='ltr'>quem</span> <span class='ocrx_word' id='word_1_203' title='bbox 1137 1648 1179 1686; x_wconf 91' lang='lat' dir='ltr'>in</span> <span class='ocrx_word' id='word_1_204' title='bbox 1205 1648 1336 1687; x_wconf 90' lang='lat' dir='ltr'>locum</span> 
     </span>
     <span class='ocr_line' id='line_1_29' title="bbox 207 1702 1335 1754; baseline 0.002 -14"><span class='ocrx_word' id='word_1_205' title='bbox 207 1702 408 1741; x_wconf 80' lang='lat' dir='ltr'>convenire</span> <span class='ocrx_word' id='word_1_206' title='bbox 436 1703 639 1754; x_wconf 88' lang='lat' dir='ltr'>possimus.</span> <span class='ocrx_word' id='word_1_207' title='bbox 668 1703 761 1752; x_wconf 84' lang='lat' dir='ltr'>Quo</span> <span class='ocrx_word' id='word_1_208' title='bbox 785 1716 850 1741; x_wconf 89' lang='lat' dir='ltr'>me</span> <span class='ocrx_word' id='word_1_209' title='bbox 874 1702 998 1741; x_wconf 84' lang='lat' dir='ltr'>velitis</span> <span class='ocrx_word' id='word_1_210' title='bbox 1027 1702 1169 1751; x_wconf 87' lang='lat' dir='ltr'>venire,</span> <span class='ocrx_word' id='word_1_211' title='bbox 1202 1702 1335 1742; x_wconf 88' lang='lat' dir='ltr'>rescri-</span> 
     </span>
     <span class='ocr_line' id='line_1_30' title="bbox 204 1756 300 1795; baseline -0.012 0"><span class='ocrx_word' id='word_1_212' title='bbox 204 1756 300 1795; x_wconf 88' lang='lat' dir='ltr'>bite.</span> 
     </span>
    </p>

    <p class='ocr_par' dir='ltr' id='par_1_6' title="bbox 203 1810 1337 2124">
     <span class='ocr_line' id='line_1_31' title="bbox 259 1810 1334 1863; baseline 0.001 -14"><span class='ocrx_word' id='word_1_213' title='bbox 259 1811 354 1849; x_wconf 89' lang='lat' dir='ltr'>Post</span> <span class='ocrx_word' id='word_1_214' title='bbox 372 1810 625 1850; x_wconf 80' lang='lat' dir='ltr'>novissimum</span> <span class='ocrx_word' id='word_1_215' title='bbox 648 1811 770 1850; x_wconf 86' lang='lat' dir='ltr'>Hirtii</span> <span class='ocrx_word' id='word_1_216' title='bbox 799 1824 1028 1859; x_wconf 89' lang='lat' dir='ltr'>sermonem,</span> <span class='ocrx_word' id='word_1_217' title='bbox 1059 1811 1248 1863; x_wconf 86' lang='lat' dir='ltr'>placitum</span> <span class='ocrx_word' id='word_1_218' title='bbox 1277 1819 1334 1850; x_wconf 87' lang='lat' dir='ltr'>est</span> 
     </span>
     <span class='ocr_line' id='line_1_32' title="bbox 203 1864 1336 1918; baseline 0.002 -16"><span class='ocrx_word' id='word_1_219' title='bbox 203 1864 303 1902; x_wconf 90' lang='lat' dir='ltr'>mihi</span> <span class='ocrx_word' id='word_1_220' title='bbox 321 1865 526 1916; x_wconf 82' lang='lat' dir='ltr'>postulare,</span> <span class='ocrx_word' id='word_1_221' title='bbox 547 1873 591 1904; x_wconf 90' lang='lat' dir='ltr'>ut</span> <span class='ocrx_word' id='word_1_222' title='bbox 619 1866 748 1905; x_wconf 89' lang='lat' dir='ltr'>liceret</span> <span class='ocrx_word' id='word_1_223' title='bbox 775 1866 886 1905; x_wconf 89' lang='lat' dir='ltr'>nobis</span> <span class='ocrx_word' id='word_1_224' title='bbox 916 1879 995 1904; x_wconf 88' lang='lat' dir='ltr'>esse</span> <span class='ocrx_word' id='word_1_225' title='bbox 1014 1867 1153 1904; x_wconf 89' lang='lat' dir='ltr'>Romae</span> <span class='ocrx_word' id='word_1_226' title='bbox 1180 1865 1336 1918; x_wconf 86' lang='lat' dir='ltr'>publico</span> 
     </span>
     <span class='ocr_line' id='line_1_33' title="bbox 205 1918 1332 1972; baseline 0.002 -16"><span class='ocrx_word' id='word_1_227' title='bbox 205 1918 408 1970; x_wconf 83' lang='lat' dir='ltr'>praesidio,</span> <span class='ocrx_word' id='word_1_228' title='bbox 397 1933 407 1943; x_wconf 92' lang='lat'><strong>·</strong></span> <span class='ocrx_word' id='word_1_229' title='bbox 439 1920 542 1970; x_wconf 86' lang='lat' dir='ltr'>quod</span> <span class='ocrx_word' id='word_1_230' title='bbox 571 1920 657 1959; x_wconf 87' lang='lat' dir='ltr'>illos</span> <span class='ocrx_word' id='word_1_231' title='bbox 689 1921 799 1960; x_wconf 86' lang='lat' dir='ltr'>nobis</span> <span class='ocrx_word' id='word_1_232' title='bbox 829 1933 1069 1959; x_wconf 82' lang='lat' dir='ltr'>concessuros</span> <span class='ocrx_word' id='word_1_233' title='bbox 1100 1932 1178 1958; x_wconf 90' lang='lat' dir='ltr'>non</span> <span class='ocrx_word' id='word_1_234' title='bbox 1208 1927 1303 1972; x_wconf 81' lang='lat' dir='ltr'>puto</span> <span class='ocrx_word' id='word_1_235' title='bbox 1319 1934 1332 1958; x_wconf 74' lang='grc' dir='ltr'><em>τ</em></span> 
     </span>
     <span class='ocr_line' id='line_1_34' title="bbox 205 1974 1335 2024; baseline 0.002 -14"><span class='ocrx_word' id='word_1_236' title='bbox 205 1985 390 2024; x_wconf 80' lang='lat' dir='ltr'>magnam</span> <span class='ocrx_word' id='word_1_237' title='bbox 417 1974 520 2012; x_wconf 88' lang='lat' dir='ltr'>enim</span> <span class='ocrx_word' id='word_1_238' title='bbox 549 1975 734 2014; x_wconf 82' lang='lat' dir='ltr'>invidiam</span> <span class='ocrx_word' id='word_1_239' title='bbox 765 1975 811 2013; x_wconf 88' lang='lat' dir='ltr'>iis</span> <span class='ocrx_word' id='word_1_240' title='bbox 839 1974 1047 2014; x_wconf 85' lang='lat' dir='ltr'>faciemus:</span> <span class='ocrx_word' id='word_1_241' title='bbox 1077 1974 1176 2013; x_wconf 87' lang='lat' dir='ltr'>nihil</span> <span class='ocrx_word' id='word_1_242' title='bbox 1204 1981 1335 2012; x_wconf 82' lang='lat' dir='ltr'>tamen</span> 
     </span>
     <span class='ocr_line' id='line_1_35' title="bbox 203 2028 1337 2122; baseline 0.003 -58"><span class='ocrx_word' id='word_1_243' title='bbox 203 2039 282 2065; x_wconf 85' lang='lat' dir='ltr'>non</span> <span class='ocrx_word' id='word_1_244' title='bbox 292 2028 574 2122; x_wconf 44' lang='lat' dir='ltr'>poxsffilandum</span> <span class='ocrx_word' id='word_1_245' title='bbox 592 2030 741 2082; x_wconf 85' lang='lat' dir='ltr'>putavi,</span> <span class='ocrx_word' id='word_1_246' title='bbox 775 2029 880 2082; x_wconf 89' lang='lat' dir='ltr'>quod</span> <span class='ocrx_word' id='word_1_247' title='bbox 908 2041 1065 2083; x_wconf 67' lang='lat' dir='ltr'>aequum</span> <span class='ocrx_word' id='word_1_248' title='bbox 1091 2041 1169 2068; x_wconf 86' lang='lat' dir='ltr'>esse</span> <span class='ocrx_word' id='word_1_249' title='bbox 1194 2035 1337 2072; x_wconf 81' lang='lat' dir='ltr'>statue-</span> 
     </span>
     <span class='ocr_line' id='line_1_36' title="bbox 208 2090 469 2127; baseline 0.004 -7"><span class='ocrx_word' id='word_1_250' title='bbox 208 2094 289 2127; x_wconf 81' lang='lat' dir='ltr'>rem</span> <span class='ocrx_word' id='word_1_251' title='bbox 412 2090 469 2122; x_wconf 90' lang='lat' dir='ltr'>ete</span> 
     </span>
    </p>
   </div>
  </div>
 </body>
</html>
