1481 2422
295 82 381 122 AD
408 82 709 124 DIVERSOS.
739 85 840 125 Lm.
887 87 965 126 IX.
996 89 1062 128 24.
1182 92 1263 137 275

260 191 378 245 (23.)
408 191 626 233 CICERO
656 194 904 236 PAPIRIO
933 197 1121 238 PAETO.

179 302 510 357 (Argumentum.
529 329 585 337 —
603 302 861 357 Quamquam
894 306 1058 358 pedibus
1087 308 1262 350 laborare

121 358 278 398 Paetum
308 358 496 406 audierat,
527 365 659 397 tamen
689 359 900 398 adventum
931 374 1048 400 suum
1078 377 1262 415 praenun-

121 414 207 462 tiat,
221 413 314 465 quia
336 425 415 452 non
433 413 639 452 arbitretur
657 427 749 453 eum
769 415 886 454 etiam
905 428 1075 469 coquum
1090 419 1262 459 arthriti-

124 481 217 508 cum
233 468 408 518 habere.)

181 577 283 618 Heri
301 577 388 618 veni
407 577 448 616 in
468 577 720 618 Cumanum:
752 593 834 619 cras
849 579 898 618 ad
912 587 951 619 te
968 580 1138 621 fortasse.
1169 582 1261 632 Sed,

126 646 218 675 cum
236 640 385 673 certum
409 633 542 683 sciam,
571 633 710 672 faciam
739 641 776 673 te
798 635 916 687 paulo
941 644 1030 674 ante
1049 637 1262 678 certiorem.

124 688 215 730 Etsi
233 688 296 727 M.
319 687 520 740 Ceparius‚
545 701 634 727 cum
654 689 786 727 mihi
774 703 814 728 in
842 688 938 728 silva
957 690 1174 731 Gallinaria
1193 694 1263 731 ob-

123 745 230 784 viam
259 743 439 791 venisset,
464 745 779 796 quaesissemque,
804 744 900 797 quid
929 758 1074 796 ageres,
1101 746 1202 786 dixit
1224 755 1263 788 te

124 799 167 838 in
185 799 284 838 lecto
303 811 397 847 esse,
425 798 530 850 quod
556 811 604 837 ex
622 799 785 850 pedibus
807 800 1012 839 laborares.
1043 800 1140 839 Tuli
1160 802 1262 842 scili-

122 861 183 894 cet
211 853 385 901 moleste,
416 861 461 891 ut
485 853 630 892 debui:
668 853 734 892 sed
764 862 895 892 tamen
929 854 1111 893 constitui
1141 857 1192 895 ad
1223 865 1263 896 te

122 908 268 957 venire,
298 915 344 947 ut
374 915 413 947 et
441 907 611 946 viderem
641 914 693 957 te,
729 916 766 947 et
796 909 972 956 viserem,
1005 918 1042 948 et
1071 923 1261 951 coenarem

122 963 252 1004 etiam.
285 962 380 1002 Non
400 962 504 1001 enim
523 963 687 1001 arbitror
708 976 878 1016 coquum
898 964 1015 1003 etiam
1035 971 1072 1003 te
1091 965 1262 1005 arthriti-

122 1031 214 1058 cum
232 1018 385 1056 habere.
414 1017 635 1069 Exspecta'
625 1017 744 1069 igitur
758 1019 967 1081 hospitem,
987 1032 1079 1058 cum
1098 1020 1262 1061 minime

120 1073 292 1124 edacem,
312 1079 399 1111 tum
417 1072 622 1112 inimicum
641 1072 756 1111 coenis
774 1074 995 1113 sumtuosis.
1025 1074 1138 1114 Vale.

391 1235 511 1289 (24.)
542 1236 758 1278 CICERO
787 1237 975 1278 PAETO.

179 1345 510 1400 (Argumentum.
517 1345 751 1396 —Rufum,
766 1360 789 1385 a
801 1347 911 1386 Paeto
924 1347 1260 1400 commendatum,

123 1401 199 1442 sibi
217 1414 319 1441 curae
337 1400 419 1440 fore
437 1400 630 1440 ostendit.
661 1409 713 1451 et,
733 1409 779 1440 ut
797 1402 863 1441 ille
879 1401 929 1440 ad
941 1402 1154 1442 amicorum
1168 1417 1260 1443 con-

121 1457 270 1497 victum
301 1455 445 1505 redeat,
478 1455 682 1494 hortatur:
713 1456 890 1509 nihilque
916 1456 988 1496 sibi
1020 1470 1101 1510 rep.
1135 1459 1259 1498 carius

121 1523 204 1552 esse
221 1509 428 1552 concludit.
459 1510 590 1550 Pansa
608 1518 646 1550 et
666 1511 799 1550 Hirtio
819 1512 947 1561 Coss.)

177 1620 334 1661 Rufum
351 1621 487 1669 istum,
507 1620 679 1660 amicum
698 1628 828 1671 tuum,
849 1621 898 1661 de
916 1635 996 1675 quo
1014 1622 1157 1662 iterum
1174 1624 1258 1674 jam

122 1675 173 1716 ad
201 1689 266 1716 me
288 1676 434 1726 scribis,
465 1675 706 1726 adjuvarem,
727 1685 920 1729 quantum
939 1690 1107 1730 possem,
1140 1679 1258 1717 etiam

119 1731 152 1770 si
170 1732 220 1770 ab
240 1744 284 1770 eo
301 1731 416 1770 laesus
437 1743 574 1778 essem,
596 1744 687 1770 cum
708 1739 746 1770 te
764 1740 964 1784 tantopere
983 1732 1154 1771 viderem
1174 1734 1260 1783 ejus

119 1786 238 1825 caus'fa
265 1786 463 1825 laborare:
495 1797 586 1824 cum
612 1798 701 1824 vero
728 1793 766 1825 et
798 1799 846 1825 ex
876 1787 953 1826 tuis
982 1787 1118 1836 literis,
1145 1796 1183 1826 et
1209 1801 1258 1827 ex

119 1839 225 1880 illius
254 1840 304 1879 ad
326 1853 390 1879 me
418 1840 559 1889 missis,
586 1839 803 1893 intelligam
829 1849 867 1879 et
889 1841 1077 1892 judicem,
1104 1855 1259 1894 magnae

118 1908 221 1934 curae
246 1895 282 1935 ei
311 1895 476 1934 salutem
494 1907 624 1934 meam
653 1894 798 1942 fuisse3
828 1907 909 1934 non
936 1909 1098 1949 possum
1118 1897 1154 1936 ei
1178 1909 1257 1936 non

117 1949 267 1989 amicus
287 1963 380 1999 esse,
399 1962 527 2002 neque
552 1949 680 1988 solum
699 1950 768 1989 tua
797 1951 1146 2014 commendatione,
1169 1965 1258 2004 quae

116 2005 224 2058 apud
241 2018 306 2045 me
335 2008 398 2049 (ut
415 2002 548 2054 debet)
578 2004 681 2043 valet
699 2004 933 2057 plurimum,
963 2006 1031 2045 sed
1053 2006 1170 2044 etiam
1190 2019 1257 2045 vo-

115 2059 267 2100 luntate
285 2072 330 2099 ac
345 2058 493 2110 judicio
507 2071 605 2098 meo.
640 2059 744 2099 Volo
759 2059 865 2098 enim
884 2068 922 2099 te
936 2061 1046 2109 scire,
1059 2060 1117 2099 mi
1132 2061 1256 2106 Paete‚

114 2113 272 2154 initium
300 2114 400 2153 mihi
432 2113 658 2166 suspicionis
688 2122 726 2153 et
756 2115 945 2154 cautionis
975 2123 1014 2154 et
1046 2115 1259 2167 diligentiae

112 2169 231 2209 fuisse
243 2169 373 2209 literas
388 2176 500 2214 11135;
531 2168 675 2222 quibus
687 2168 811 2208 literis
824 2177 1077 2222 congruentes
1096 2170 1258 2209 fuerunt

108 2223 196 2263 aliae
225 2231 360 2278 postea
376 2224 607 2264 multorum.
637 2223 747 2263 Nam
770 2232 810 2263 et
831 2225 988 2276 Aquini
1009 2232 1046 2264 et
1066 2224 1257 2264 Fabrate-
