1481 2422
237 124 317 162 366
427 124 511 165 AD
540 124 838 167 DIVERSOS.
869 125 970 165 1113.
995 123 1099 165 XII.
1131 125 1170 164 8.

302 232 462 282 Quanto
481 235 608 274 studio
626 234 854 288 dignitatem
872 241 982 274 tuam
1001 242 1040 274 et
1056 235 1098 273 in
1116 240 1253 273 senatu
1271 240 1310 273 et
1325 234 1375 272 ad

248 289 440 340 populum
458 289 711 338 defenderim,
731 303 780 329 ex
798 289 875 328 tuis
893 297 932 328 te
948 289 1068 339 malo,
1089 301 1209 341 quam
1227 301 1276 335 ex
1294 300 1374 337 me,

249 354 485 394 cognoscere.
525 343 626 392 Quae
650 357 737 383 mea
763 344 949 383 sententia
968 344 1009 382 in
1029 351 1164 382 senatu
1182 342 1294 381 facile
1311 355 1378 381 va-

248 393 395 445 luisset,
414 397 490 436 nisi
508 398 636 436 Pansa
655 399 898 437 vehementer
908 398 1122 436 obstitisset.
1152 395 1213 435 Εὸ.
1227 403 1378 435 senten-

249 451 305 488 tia
323 451 438 497 dicta,
458 452 667 503 productus
686 466 773 491 sum
792 453 832 491 in
852 452 1073 491 concionem
1087 451 1277 490 atribuno
1294 451 1378 502 ple-

248 505 324 555 bis,
345 505 408 544 M.
428 507 599 545 Servilio.
641 506 739 545 Dixi
761 507 809 545 de
834 514 886 556 te,
906 519 994 558 quae
1014 506 1139 558 potui,
1159 505 1268 544 tanta
1285 517 1377 544 con·

249 560 432 609 tentione,
453 568 642 612 quantum
663 561 791 599 forum
811 568 882 609 est,
910 568 1017 599 tanto
1037 560 1203 599 clamore
1219 572 1377 598 consen-

249 627 372 665 suque
390 615 540 667 populi,
563 623 608 653 ut
632 615 732 654 nihil
750 628 925 667 unquam
944 615 1069 661 simile
1092 614 1267 659 viderim,
1310 613 1377 662 Id,

247 669 381 717 velim,
409 669 507 707 mihi
524 669 710 721 ignoscas,
727 670 833 722 quod
849 669 972 708 invita
993 681 1102 708 socru
1120 669 1190 708 tu‘a
1207 667 1375 707 fecerim.

249 723 400 762 Mulier
419 724 555 762 timida
577 725 792 771 verebatur,
810 736 861 771 ne
883 724 1021 762 Pansae
1039 723 1192 762 animus
1209 722 1377 762 offende-

248 785 366 816 retur.
398 778 448 816 In
467 778 646 817 concione
659 778 817 829 quidem
830 778 958 817 Pansa
971 777 1085 826 dixit,
1104 784 1269 816 matrem
1281 790 1378 829 quo-

248 845 325 884 que
343 840 468 880 tuam,
488 840 526 871 et
542 831 716 881 fratrem,
729 833 838 870 illam
850 846 874 870 a
886 845 950 871 me
964 832 1192 871 sententiam
1211 831 1380 871 noluisse

249 886 338 925 dici.
375 887 451 926 Sed
469 887 552 925 haec
569 899 646 924 non
664 888 895 925 movebant:
926 887 1003 925 alia
1019 887 1226 925 malebam.
1255 886 1378 926 Fave-⁴

251 942 342 979 bam
363 949 401 980 et
417 941 652 993 reipublicae,
682 941 745 979 cui
772 953 922 993 semper
944 941 1038 990 favi,
1067 948 1105 979 et
1133 940 1313 993 dignitati
1333 953 1378 980 ac

249 995 384 1048 gloriae
396 1003 487 1034 tuae.

307 1050 427 1098 Quod
445 1057 575 1089 autem
595 1057 633 1088 et
649 1050 691 1088 in
710 1057 844 1089 senatu
861 1049 1039 1101 pluribus
1057 1049 1182 1089 verbis
1199 1049 1376 1098 disserui,

252 1110 291 1142 et
305 1104 388 1142 dixi
404 1104 446 1142 in
465 1104 659 1152 concione,
678 1104 720 1143 in
739 1118 784 1143 eo
802 1105 919 1143 velim
939 1104 1055 1143 fidem
1072 1116 1202 1142 mmm
1226 1103 1375 1144 liberes.

252 1158 421 1197 Promisi
445 1159 549 1197 enim
573 1167 610 1197 et
636 1172 756 1211 prope
785 1158 1022 1207 confirmavi,
1051 1166 1090 1197 te
1115 1171 1194 1197 non
1222 1171 1379 1210 exspec-

253 1213 368 1260 tasse,
388 1225 458 1252 nec
477 1221 800 1264 exspectaturum,
827 1213 977 1252 decreta
994 1220 1147 1252 nostra:
1178 1212 1244 1252 sed
1262 1220 1300 1252 te
1317 1213 1379 1266 ip-

253 1279 342 1306 sum
356 1274 424 1305 tuo
442 1280 549 1306 more
567 1268 847 1319 rempublicam
866 1267 1140 1306 defensurum:
1170 1275 1222 1316 et,
1238 1280 1378 1319 quam-

249 1333 371 1373 quam
389 1322 487 1360 nihil
501 1322 596 1360 dum
612 1322 870 1370 audieramus,
885 1333 955 1360 nec
972 1321 1041 1360 ubi
1059 1334 1171 1370 esses,
1191 1334 1263 1360 nec
1281 1335 1378 1374 quas
1394 1370 1398 1373 Δ

251 1376 380 1428 copias
407 1376 592 1422 habere83
621 1384 751 1414 tamen
771 1377 825 1415 sic
852 1377 1084 1423 statuebam,
1112 1388 1260 1424 omnes,
1289 1389 1378 1428 quae

248 1429 291 1468 in
320 1430 402 1468 istis
437 1430 611 1482 partibus
643 1438 766 1469 essent
796 1443 887 1482 opes
919 1430 1127 1481 copiaeque,
1157 1438 1243 1468 tuas
1266 1443 1347 1468 esse
1362 1445 1374 1469 ε

249 1497 319 1536 per
348 1491 462 1536 teque
485 1484 626 1522 Asiam
656 1484 893 1536 provinciam
925 1484 1163 1523 confidebam
1189 1485 1273 1534 jam
1302 1485 1375 1523 rei-

250 1539 416 1590 publicae
433 1547 708 1590 recuperatam.
748 1538 816 1578 Tu
834 1540 895 1577 fac
920 1538 963 1577 in
990 1538 1168 1590 augenda
1196 1539 1320 1591 gloria
1337 1547 1376 1578 te

249 1593 332 1646 ipse
349 1593 490 1632 vincas.
519 1593 631 1633 Vale.

414 1759 502 1812 (8.)
534 1760 596 1800 M.
617 1760 668 1800 Τ.
691 1760 738 1800 C.
769 1759 814 1800 C.
836 1760 1033 1801 CASSIO
1060 1762 1102 1801 S.
1119 1761 1165 1801 Ρ.
1179 1760 1234 1801 D.

304 1868 632 1920 (Argumentum.
646 1895 702 1904 —
716 1870 964 1909 Renovatum
997 1883 1021 1908 a
1049 1869 1199 1922 Lepido
1228 1870 1375 1910 bellum

245 1935 326 1962 esse
353 1925 612 1976 conqueritur,
642 1932 681 1964 et
698 1924 877 1964 Cassium
896 1923 947 1963 ad
962 1924 1202 1963 liberandam
1220 1937 1377 1978 rempu-

245 1977 388 2017 blicam
405 1978 612 2028 hortatur.)

300 2087 434 2126 Scelus
461 2087 585 2128 affinis
603 2088 675 2138 tui,
698 2089 851 2146 Lepidi,
877 2101 1153 2141 summamque
1177 2087 1371 2128 levitatem

245 2148 283 2180 et
293 2140 602 2191 inconstantiam,
619 2155 667 2181 ex
681 2143 807 2191 Actis,
824 2157 913 2195 quae
926 2143 976 2181 ad
995 2150 1032 2181 te
1050 2142 1154 2181 mitti
1165 2150 1266 2180 certo
1280 2143 1372 2191 scio,

247 2198 429 2247 cognosse
448 2203 485 2235 te
503 2197 677 2236 arbitror.
723 2197 863 2249 Itaque
889 2210 972 2244 nos,
993 2197 1164 2236 confecto
1190 2196 1307 2244 bello,
1328 2205 1372 2235 ut

242 2250 537 2302 arbitrabamur,
559 2260 786 2292 renovatum
804 2252 952 2292 bellum
967 2252 1160 2305 gerimus:
1183 2263 1369 2303 spemque
