1501 2407
310 97 392 137 AD
420 98 718 139 DIVERsos.
749 99 850 138 Lm.
872 85 931 137 1'1.
955 99 1017 143 ιγ.
1174 99 1222 136 51

114 204 154 242 in
168 204 315 243 easdem
337 205 558 245 solitudines
584 214 627 244 tu
648 206 728 258 ipse
748 209 810 251 (ut
827 207 1004 254 arbitror)
1033 206 1174 254 venies,
1190 206 1230 243 in

111 258 251 310 quibus
269 271 338 297 nos
356 260 565 299 consedisse
579 261 721 299 audies.

164 311 240 351 Sed
258 325 328 363 ego
345 313 502 353 fortasse
521 315 702 353 vaticinor
717 330 727 353 ε
758 320 796 352 et
814 314 895 353 haec
908 314 1039 352 omnia
1055 314 1230 352 meliores

110 366 306 404 habebunt
317 367 453 406 exitus.
473 369 667 408 Recordor
679 369 781 407 enim
793 368 1070 420 desperationes
1082 380 1229 416 eorum,

114 419 182 471 qui
210 432 317 459 senes
343 430 463 471 erant,
494 422 729 462 adolescente
760 436 835 461 me.
878 423 958 460 Eos
982 435 1051 473 ego
1076 422 1233 460 fortasse

114 485 218 512 nunc
236 473 378 523 imitor,
400 484 436 514 et
454 486 542 515 utor
566 478 686 515 aetatis
704 477 808 515 vitio.
847 477 978 514 Velim
999 477 1052 514 ita
1071 477 1129 514 sit.
1157 475 1233 514 sed

114 534 257 575 tamen,
274 536 404 580 togam
418 539 645 582 praetextam
661 531 738 570 texi
746 530 891 582 Oppio,
905 540 999 582 puto
1011 538 1048 568 te
1062 530 1232 568 audisse:

114 593 206 619 nam
228 583 388 622 Curtius
406 591 532 623 noster
551 585 766 637 dibaphum
786 585 925 636 cogitat
942 599 952 622 ε
984 584 1049 623 sed
1068 597 1154 622 eum
1172 583 1233 620 in-

115 634 231 674 fector
249 644 431 677 moratur.
462 639 550 677 Hoc
569 639 749 690 adspersi,
763 647 807 677 ut
826 639 951 685 scires,
971 651 1035 676 me
1053 646 1181 676 tamen
1194 637 1234 674 in

116 690 310 729 stomacho
329 692 448 731 solere
461 693 593 731 ridere.
623 693 838 732 Dolabellae
857 692 961 744 quod
981 692 1125 743 scripsi,
1147 705 1235 730 sua-

117 743 188 782 deo
206 744 348 795 videas,
369 753 569 798 tamquam
590 748 622 786 si
641 755 709 785 tua
733 760 792 785 res
811 754 959 797 agatur.
999 746 1234 784 Extremum

114 797 214 836 illud
231 799 324 837 erit:
356 812 425 839 nos
444 801 543 839 nihil
561 802 812 849 turbulenter,
832 801 930 838 nihil
948 808 1102 848 temere,
1123 800 1236 838 facie-

116 864 215 890 mus.
258 853 321 892 Te
350 861 479 893 tamen
507 868 675 904 oramus,
705 856 1013 907 quibuscumque
1032 855 1173 892 erimus
1197 854 1238 890 in

116 906 238 966 terris,
257 915 302 945 ut
319 921 389 947 nos
407 909 622 960 liberosque
640 918 787 948 nostros
806 909 860 947 ita
878 917 1022 957 tueare,
1043 916 1088 946 ut
1106 908 1238 947 amici-

116 966 170 997 t1a
182 968 310 1000 nostra
329 968 366 1001 et
383 969 452 1002 tua
469 962 562 1002 fides
580 963 802 1015 postulabit,
831 963 944 1002 Vale.

117 1122 228 1175 (17.)
256 1123 319 1164 M.
339 1124 390 1165 T.
410 1124 457 1165 c,
486 1124 605 1165 IMP.
628 1125 876 1166 cANJNlo
908 1121 1239 1168 SALLUsTm,

388 1180 834 1231 PROQUAESTOR1‚
867 1182 906 1219 S.
927 1181 981 1218 D.

171 1285 496 1336 (Argumentum.
508 1307 560 1314 —
572 1284 757 1331 Sallustii,
772 1283 839 1336 qui
851 1283 987 1321 Bibuli
1005 1282 1241 1335 proconsulis

119 1339 239 1393 Syriae
251 1346 416 1391 quaestor
435 1346 528 1389 erat,
547 1339 649 1378 binis
662 1339 782 1377 literis
800 1337 1015 1389 respondet,
1035 1336 1240 1388 prioribus,

71 1410 74 1415 ·
119 1394 170 1432 ad
197 1394 350 1446 singula
368 1405 411 1432 eo
438 1394 572 1432 ordine
599 1406 677 1445 quo
701 1399 925 1444 rogaverat:
956 1390 1241 1443 posterioribus,

116 1461 247 1488 causas
271 1448 512 1499 exponendo,
533 1461 651 1499 quare
674 1447 789 1485 illum
809 1446 954 1485 Bibulo
973 1444 1242 1485 commendare

115 1515 192 1541 non
211 1501 347 1541 debeat
362 1516 375 1549 ;
396 1502 459 1541 cui
477 1509 606 1541 tamen
625 1514 772 1540 morem
786 1500 912 1552 gerit.)

169 1610 320 1649 Literas
344 1623 368 1649 a
385 1618 424 1649 te
444 1610 543 1649 mihi
567 1617 684 1649 stator
705 1617 796 1647 tuus
823 1608 990 1647 reddidit
1017 1607 1131 1646 Tarsi
1149 1621 1184 1645 a.
1201 1607 1239 1646 d.

71 1674 74 1677 '
117 1665 224 1704 XVI
251 1665 441 1703 Calendas
461 1665 634 1704 Sextiles.
676 1663 753 1701 His
773 1675 843 1714 ego
861 1663 1007 1711 ordine,
1028 1671 1072 1700 ut
1093 1661 1232 1700 videris

118 1719 228 1767 velle,
255 1719 502 1770 respondebo.
543 1719 606 1757 De
634 1730 846 1756 successore
867 1730 954 1755 meo
977 1716 1075 1754 nihil
1093 1715 1238 1762 audivi,

77 1797 83 1801 ›
115 1785 185 1811 nec
209 1786 445 1825 quemquam
475 1773 557 1811 fore
583 1772 755 1811 arbitror.
787 1771 896 1819 Quin
926 1771 977 1809 ad
1005 1770 1108 1809 diem
1131 1771 1241 1808 dece-

116 1827 222 1874 dam,
241 1827 351 1865 nulla
369 1840 483 1866 causa
502 1834 572 1875 est,
601 1825 812 1879 praesertim
840 1826 990 1864 sublato
1017 1832 1124 1863 metu
1144 1825 1240 1862 Par-

117 1881 230 1919 thico.
263 1880 606 1921 commoraturum
635 1894 698 1918 me
726 1892 921 1931 nusquam
948 1891 1039 1918 sane
1066 1878 1240 1917 arbitror.

117 1934 319 1983 Rhodum,
347 1936 578 1974 Ciceronum
607 1934 723 1974 causa
746 1947 971 1986 puerorum,
1003 1945 1242 1971 accessurum

114 1995 234 2039 puto:
278 2001 403 2040 neque
428 1989 469 2028 id
498 1997 629 2028 tamen
659 1996 818 2027 certum.
870 1988 940 2026 Ad
974 1988 1123 2026 Urbem
1154 1987 1241 2025 volo

113 2055 233 2093 quam
250 2042 423 2094 primum
448 2043 600 2082 venire:
632 2043 697 2081 sed
717 2049 846 2080 tamen
864 2042 936 2080 iter
960 2054 1094 2079 meum
1113 2039 1241 2092 reipu-

113 2096 222 2135 blicae
238 2104 275 2135 et
294 2099 675 2136 rerum‘urbanarum
698 2096 793 2134 ratio
812 2096 1055 2147 gubernabit.
1084 2096 1241 2134 Succes-

114 2163 174 2188 sor
193 2157 282 2189 tuus
297 2163 374 2188 non
387 2157 511 2202 potest
523 2151 578 2189 ita
591 2157 784 2190 maturare
802 2150 884 2189 ullo
903 2149 1032 2198 modo,
1053 2156 1098 2188 ut
1111 2156 1154 2186 tu
1174 2161 1237 2186 me

113 2203 156 2242 in
173 2202 271 2244 Asia
291 2205 412 2257 possis
440 2205 650 2244 convenire.
693 2205 757 2242 De
779 2203 992 2243 rationibus
1021 2202 1241 2250 referendis,
