1501 2407
251 112 302 153 92
451 112 534 150 AD
564 110 992 152 DIVERSOS.L113.
1023 109 1167 150 1v.4.

249 228 363 274 pente
381 218 519 273 praeter
536 233 644 272 spem
669 220 781 267 dixit,
801 233 841 260 se
859 220 1008 259 senatui
1025 218 1175 271 roganti
1192 217 1241 258 de
1258 217 1371 258 Mar-

250 275 361 323 cello,
391 287 442 313 ne
464 275 631 313 hominis
649 275 808 326 quidem
835 274 963 322 causa,
982 281 1226 324 negaturum.
1253 272 1372 312 Fece-

250 336 310 367 rat
328 336 459 367 autem
487 328 561 367 hoc
579 338 746 376 senatus,
776 336 821 367 ut
839 341 928 366 cum
947 341 971 366 a
994 327 1043 366 L.
1069 327 1208 366 Pisone
1224 327 1372 366 mentio

251 391 347 422 esset
364 383 468 421 facta
489 382 537 421 de
562 383 764 429 Marcello,
785 391 822 421 et
847 395 937 420 cum
957 381 1002 420 C.
1027 380 1239 420 Marcellus
1267 394 1306 420 se
1323 379 1374 420 ad

251 437 411 476 Caesaris
430 437 544 489 pedes
564 437 775 487 abjecisset,
803 444 962 476 cunctus
987 442 1243 487 consurgeret,
1263 442 1302 474 et
1324 434 1374 474 ad

253 491 444 530 Caesarem
463 491 627 542 supplex
647 491 850 529 accederet.

306 545 402 584 Noli
421 559 616 596 quaerere.
607 559 616 568 ·
647 546 702 583 ita
716 545 812 583 mihi
826 545 986 597 pulcher
1000 544 1064 583 hic
1083 542 1163 582 dies
1180 543 1284 582 visus
1301 550 1374 592 aet,

252 607 298 637 ut
317 599 480 651 speciem
500 600 672 651 aliquam
686 599 833 638 viderer
851 599 978 638 videre
992 598 1103 651 quasi
1120 597 1376 636 reviviscentis

250 653 482 705 reipublicae.
516 652 653 705 Itaque
673 666 762 691 cum
776 666 909 691 01111135
923 660 1012 692 ante
1022 666 1086 690 me
1099 651 1220 712 rogati
1233 652 1376 703 gratias

252 707 396 746 Caesari
415 708 592 758 egissent,
621 715 758 758 praeter
784 707 1022 755 Volcatium,
1054 706 1104 758 (is
1122 705 1241 753 enim,
1269 705 1301 744 si
1329 718 1375 744 eo

250 762 334 800 loco
353 769 461 809 esset,
482 761 636 812 negavit
656 775 694 799 se
723 761 918 799 facturum
935 759 1072 810 fuisse)
1093 773 1177 811 ego,
1203 766 1374 811 rogatus,

250 815 399 853 mutavi
417 827 550 853 meum
570 815 784 853 consilium.
818 815 926 853 Nam
941 823 1162 860 statueram,
1181 825 1257 852 non
1275 814 1377 866 (me-

249 868 420 918 hercule)
451 868 602 916 inertia,
624 869 689 907 sed
707 868 893 907 desiderio
917 868 1088 921 pristinae
1106 867 1346 918 dignitatis,
1334 879 1376 906 m

251 932 482 974 perpetuum
513 930 647 961 tacere.
678 923 810 985 Fregit
840 922 913 961 hoc
944 935 1078 961 meum
1107 921 1309 960 consilium
1337 928 1376 960 et

251 976 413 1015 Caesaris
425 977 652 1028 magnitudo
664 977 798 1024 animi,
816 984 853 1015 et
867 978 1017 1015 senatus
1028 976 1208 1015 officium.
1237 973 1378 1027 Itaque

251 1030 427 1082 pluribus
457 1031 581 1069 verbis
611 1032 672 1083 egi
696 1031 838 1070 Caesari
856 1030 1024 1082 gratias:
1054 1042 1208 1081 meque,
1226 1036 1374 1094 metuo,

250 1097 300 1123 113
337 1085 452 1123 etiam
483 1085 525 1122 111
556 1086 699 1124 caeteris
735 1088 850 1124 rebus
882 1085 1042 1123 honesto
1070 1084 1149 1123 otio
1177 1081 1374 1136 privarim‚

252 1138 357 1191 quod
376 1147 456 1177 erat
475 1152 599 1177 unum
620 1139 830 1178 solatium
819 1152 860 1177 10
878 1139 1003 1177 103115.

307 1193 384 1232 sed
401 1201 546 1240 tamen,
574 1194 758 1246 quoniam
777 1193 895 1244 effugi
922 1194 1006 1242 ejus
1024 1192 1287 1239 offensionem,
1307 1190 1376 1244 qui

252 1247 410 1285 fortasse
429 1248 689 1294 arbitraretur,
709 1261 772 1286 me
790 1248 890 1286 hanc
909 1247 1188 1298 rempublicam
1207 1258 1285 1285 non
1303 1259 1378 1298 pu-

253 1308 347 1347 tare,
369 1301 400 1339 si
429 1310 613 1353 perpetuo
643 1310 836 1340 tacerem·
825 1330 837 1347 ,
866 1300 1014 1339 modice
1032 1301 1106 1339 hoc
1134 1299 1289 1348 faciam,
1309 1305 1378 1338 aut

252 1355 369 1393 etiam
399 1355 500 1393 intra
524 1356 714 1402 modum;
736 1363 781 1394 ut
812 1363 850 1394 et
870 1354 975 1393 illius
1006 1354 1196 1393 voluntati
1218 1361 1256 1392 et
1281 1353 1378 1392 meis

255 1409 390 1447 studiis
415 1409 588 1448 serviam.
620 1410 742 1457 Nam,
764 1410 834 1448 etsi
853 1423 876 1447 a
893 1408 1019 1461 prima
1043 1416 1152 1447 aetate
1170 1421 1234 1446 me
1252 1407 1378 1446 omnis

255 1475 315 1501 ars
335 1471 371 1500 et
390 1463 562 1502 doctrina
583 1464 765 1512 liberalis,
786 1471 824 1502 et
840 1463 1011 1501 maxime
1036 1461 1292 1514 philosophia,
1311 1461 1379 1500 de-

254 1517 434 1562 lectavit3
465 1525 594 1556 tamen
626 1518 699 1556 hoc
735 1518 907 1556 studium
937 1516 1108 1569 quotidie
1136 1515 1377 1568 ingravescit,

256 1571 368 1609 credo
387 1578 426 1608 et
442 1572 563 1610 aetatis
582 1572 802 1610 maturitate
817 1571 867 1609 ad
877 1570 1136 1623 prudentiam,
1153 1579 1191 1609 et
1203 1570 1264 1608 his
1282 1577 1381 1609 tem-

254 1637 394 1676 porum
414 1625 529 1673 xitiis,
550 1634 594 1664 ut
612 1626 721 1664 nulla
734 1639 794 1665 res
813 1626 889 1664 alia
905 1626 1030 1664 levare
1048 1624 1223 1663 animum
1241 1624 1381 1662 moles-

257 1679 320 1717 tiis
338 1679 467 1740 possit.
497 1682 537 1718 A
558 1693 635 1732 quo
655 1680 780 1719 studio
805 1688 843 1718 te
861 1679 999 1718 abduci
1020 1679 1181 1729 negotiis
1206 1678 1380 1729 intelligo

256 1744 305 1770 ex
323 1733 399 1771 tuis
416 1733 578 1772 litteris·
609 1734 675 1772 sed
694 1742 825 1772 tamen
843 1733 991 1786 aliquid
1009 1735 1094 1784 jam
1111 1739 1238 1772 noctes
1256 1739 1294 1771 te
1311 1731 1380 1770 ad-

254 1787 461 1835 juvabunt.

311 1840 466 1879 Servius
484 1848 588 1889 tuus,
609 1843 669 1880 vel
688 1843 815 1894 potius
832 1849 974 1890 noster,
995 1840 1151 1880 summa
1167 1853 1232 1879 me
1248 1841 1378 1880 obser·

258 1895 388 1932 vantia
406 1895 518 1933 colit.
550 1897 660 1946 cujus
679 1909 748 1947 ego
768 1910 857 1935 cum
876 1896 983 1935 omni
1000 1895 1190 1947 probitate
1207 1894 1380 1933 51110103-

258 1961 335 1999 que
366 1948 520 1996 virtute,
547 1957 633 1988 tum
663 1951 797 1989 studiis
829 1950 1090 2001 doctrinaque,
1121 1948 1296 1987 delector.
1337 1946 1379 1986 Is

258 2014 413 2041 mecum
439 2016 538 2055 saepe
565 2003 613 2042 de
631 2003 698 2042 tua
721 2004 919 2043 mansione
943 2009 1010 2042 aut
1031 2002 1242 2042 decessione
1274 2015 1379 2041 com-

257 2056 442 2095 municat.
467 2057 612 2096 Adhuc
630 2058 752 2097 101133
766 2072 854 2097 sum
873 2057 1073 2105 sententia,
1085 2057 1184 2095 nihil
1200 2062 1245 2094 ut
1263 2055 1380 2094 facia-

258 2121 361 2159 mus,
381 2111 456 2150 nisi
480 2111 586 2163 quod
614 2112 784 2151 maxime
812 2113 942 2152 Cffiar
962 2112 1060 2151 velle
1085 2110 1269 2149 videatur.
1296 2109 1379 2149 Res

259 2171 351 2202 sunt
367 2166 571 2215 ejusmodi,
597 2174 655 2215 ut,
679 2167 711 2206 si
742 2167 880 2205 Romae
898 2166 963 2215 sis,
991 2165 1103 2213 nihil,
1125 2176 1259 2216 praeter
1277 2170 1378 2211 tuos,

257 2217 444 2258 delectare
457 2225 495 2258 te
511 2221 642 2271 possit.
671 2220 735 2260 De
748 2220 918 2273 reliquis,
933 2219 1031 2259 nihil
1045 2218 1185 2259 melius
1194 2218 1277 2270 ipm
1289 2224 1346 2257 est
1360 2230 1376 2264 ς
