<?xml version="1.0" encoding="UTF-8"?>
<!DOCTYPE html PUBLIC "-//W3C//DTD XHTML 1.0 Transitional//EN"
    "http://www.w3.org/TR/xhtml1/DTD/xhtml1-transitional.dtd">
<html xmlns="http://www.w3.org/1999/xhtml" xml:lang="en" lang="en">
 <head>
  <title>
</title>
<meta http-equiv="Content-Type" content="text/html;charset=utf-8" />
  <meta name='ocr-system' content='tesseract 3.04.00' />
  <meta name='ocr-capabilities' content='ocr_page ocr_carea ocr_par ocr_line ocrx_word'/>
</head>
<body>
  <div class='ocr_page' id='page_1' title='image "./operaern09ciceuoft_0026.png"; bbox 0 0 1501 2407; ppageno 0'>
   <div class='ocr_carea' id='block_1_1' title="bbox 239 107 1128 157">
    <p class='ocr_par' dir='ltr' id='par_1_1' title="bbox 239 107 1128 157">
     <span class='ocr_line' id='line_1_1' title="bbox 239 107 1128 157; baseline 0.007 -13"><span class='ocrx_word' id='word_1_1' title='bbox 239 107 286 145; x_wconf 80' lang='lat'>12</span> <span class='ocrx_word' id='word_1_2' title='bbox 464 108 548 147; x_wconf 86' lang='lat' dir='ltr'>AD</span> <span class='ocrx_word' id='word_1_3' title='bbox 578 109 1128 157; x_wconf 18' lang='lat' dir='ltr'><strong>DIVERSOSL11³.⁷1.7.</strong></span> 
     </span>
    </p>
   </div>
   <div class='ocr_carea' id='block_1_2' title="bbox 224 216 1356 2269">
    <p class='ocr_par' dir='ltr' id='par_1_2' title="bbox 238 216 1353 326">
     <span class='ocr_line' id='line_1_2' title="bbox 238 216 1353 280; baseline 0.003 -26"><span class='ocrx_word' id='word_1_4' title='bbox 238 216 458 269; x_wconf 86' lang='lat' dir='ltr'>optimeque</span> <span class='ocrx_word' id='word_1_5' title='bbox 476 218 703 270; x_wconf 82' lang='lat' dir='ltr'>perspicies.</span> <span class='ocrx_word' id='word_1_6' title='bbox 734 219 828 280; x_wconf 86' lang='lat' dir='ltr'>quid</span> <span class='ocrx_word' id='word_1_7' title='bbox 850 219 960 258; x_wconf 89' lang='lat' dir='ltr'>nobis</span> <span class='ocrx_word' id='word_1_8' title='bbox 987 219 1204 271; x_wconf 80' lang='lat' dir='ltr'><strong>placuisset,</strong></span> <span class='ocrx_word' id='word_1_9' title='bbox 1224 229 1272 257; x_wconf 85' lang='lat' dir='ltr'>ex</span> <span class='ocrx_word' id='word_1_10' title='bbox 1289 230 1353 257; x_wconf 90' lang='lat' dir='ltr'>me</span> 
     </span>
     <span class='ocr_line' id='line_1_3' title="bbox 239 271 1000 326; baseline 0.005 -18"><span class='ocrx_word' id='word_1_11' title='bbox 239 271 481 323; x_wconf 87' lang='lat' dir='ltr'>potissimum</span> <span class='ocrx_word' id='word_1_12' title='bbox 500 273 633 324; x_wconf 88' lang='lat' dir='ltr'>putavi</span> <span class='ocrx_word' id='word_1_13' title='bbox 651 280 688 311; x_wconf 87' lang='lat' dir='ltr'>te</span> <span class='ocrx_word' id='word_1_14' title='bbox 707 273 800 311; x_wconf 88' lang='lat' dir='ltr'>scire</span> <span class='ocrx_word' id='word_1_15' title='bbox 817 281 1000 326; x_wconf 79' lang='lat' dir='ltr'><strong>oportere.</strong></span> 
     </span>
    </p>

    <p class='ocr_par' dir='ltr' id='par_1_3' title="bbox 231 324 1356 1564">
     <span class='ocr_line' id='line_1_4' title="bbox 294 324 1355 375; baseline 0.002 -12"><span class='ocrx_word' id='word_1_16' title='bbox 294 324 413 372; x_wconf 89' lang='lat' dir='ltr'>Quod</span> <span class='ocrx_word' id='word_1_17' title='bbox 430 326 527 364; x_wconf 90' lang='lat' dir='ltr'>mihi</span> <span class='ocrx_word' id='word_1_18' title='bbox 545 326 592 364; x_wconf 90' lang='lat' dir='ltr'>de</span> <span class='ocrx_word' id='word_1_19' title='bbox 617 335 745 365; x_wconf 88' lang='lat' dir='ltr'>nostro</span> <span class='ocrx_word' id='word_1_20' title='bbox 764 335 880 375; x_wconf 85' lang='lat' dir='ltr'>statu,</span> <span class='ocrx_word' id='word_1_21' title='bbox 906 327 953 366; x_wconf 92' lang='lat' dir='ltr'>de</span> <span class='ocrx_word' id='word_1_22' title='bbox 978 326 1140 365; x_wconf 87' lang='lat' dir='ltr'>Milonis</span> <span class='ocrx_word' id='word_1_23' title='bbox 1157 326 1355 365; x_wconf 85' lang='lat' dir='ltr'>familiari-</span> 
     </span>
     <span class='ocr_line' id='line_1_5' title="bbox 240 379 1351 441; baseline 0.001 -24"><span class='ocrx_word' id='word_1_24' title='bbox 240 385 333 441; x_wconf 71' lang='lat' dir='ltr'>tate,</span> <span class='ocrx_word' id='word_1_25' title='bbox 362 379 410 418; x_wconf 90' lang='lat' dir='ltr'>de</span> <span class='ocrx_word' id='word_1_26' title='bbox 435 380 588 419; x_wconf 83' lang='lat' dir='ltr'>levitate</span> <span class='ocrx_word' id='word_1_27' title='bbox 613 389 650 419; x_wconf 90' lang='lat' dir='ltr'>et</span> <span class='ocrx_word' id='word_1_28' title='bbox 675 381 934 420; x_wconf 84' lang='grc' dir='ltr'><strong>11111)881Πί1318</strong></span> <span class='ocrx_word' id='word_1_29' title='bbox 953 380 1094 428; x_wconf 83' lang='lat' dir='ltr'>Clodii,</span> <span class='ocrx_word' id='word_1_30' title='bbox 1120 380 1351 431; x_wconf 83' lang='lat' dir='ltr'>gratularis;</span> 
     </span>
     <span class='ocr_line' id='line_1_6' title="bbox 240 433 1353 486; baseline 0.001 -16"><span class='ocrx_word' id='word_1_31' title='bbox 240 433 400 471; x_wconf 88' lang='lat' dir='ltr'>minime</span> <span class='ocrx_word' id='word_1_32' title='bbox 431 434 631 482; x_wconf 78' lang='lat' dir='ltr'>miramur,</span> <span class='ocrx_word' id='word_1_33' title='bbox 663 442 700 472; x_wconf 89' lang='grc'>18</span> <span class='ocrx_word' id='word_1_34' title='bbox 733 435 822 482; x_wconf 84' lang='grc'><strong>11115,</strong></span> <span class='ocrx_word' id='word_1_35' title='bbox 852 443 896 473; x_wconf 85' lang='grc'>111</span> <span class='ocrx_word' id='word_1_36' title='bbox 922 435 1116 486; x_wconf 87' lang='lat' dir='ltr'>egregium</span> <span class='ocrx_word' id='word_1_37' title='bbox 1155 435 1353 482; x_wconf 85' lang='lat' dir='ltr'>artificem,</span> 
     </span>
     <span class='ocr_line' id='line_1_7' title="bbox 239 487 1356 550; baseline 0.002 -26"><span class='ocrx_word' id='word_1_38' title='bbox 239 487 429 538; x_wconf 85' lang='lat' dir='ltr'>praeclaris</span> <span class='ocrx_word' id='word_1_39' title='bbox 448 489 624 540; x_wconf 85' lang='lat' dir='ltr'>operibus</span> <span class='ocrx_word' id='word_1_40' title='bbox 642 488 788 527; x_wconf 86' lang='lat' dir='ltr'>laetari:</span> <span class='ocrx_word' id='word_1_41' title='bbox 821 502 1059 550; x_wconf 80' lang='lat' dir='ltr'>quamquam</span> <span class='ocrx_word' id='word_1_42' title='bbox 1080 495 1135 527; x_wconf 85' lang='lat' dir='ltr'>est</span> <span class='ocrx_word' id='word_1_43' title='bbox 1153 488 1356 526; x_wconf 80' lang='lat' dir='ltr'>incredibi-</span> 
     </span>
     <span class='ocr_line' id='line_1_8' title="bbox 240 540 1355 594; baseline 0 -15"><span class='ocrx_word' id='word_1_44' title='bbox 240 540 288 579; x_wconf 91' lang='lat' dir='ltr'>lis</span> <span class='ocrx_word' id='word_1_45' title='bbox 316 541 520 580; x_wconf 90' lang='lat' dir='ltr'>hominum</span> <span class='ocrx_word' id='word_1_46' title='bbox 545 542 783 594; x_wconf 84' lang='lat' dir='ltr'>perversitas,</span> <span class='ocrx_word' id='word_1_47' title='bbox 814 543 994 594; x_wconf 86' lang='lat' dir='ltr'>(graviori</span> <span class='ocrx_word' id='word_1_48' title='bbox 1026 542 1129 581; x_wconf 89' lang='lat' dir='ltr'>enim</span> <span class='ocrx_word' id='word_1_49' title='bbox 1155 544 1271 581; x_wconf 90' lang='lat' dir='ltr'>verbo</span> <span class='ocrx_word' id='word_1_50' title='bbox 1296 543 1355 580; x_wconf 90' lang='lat' dir='ltr'>uti</span> 
     </span>
     <span class='ocr_line' id='line_1_9' title="bbox 239 595 1355 648; baseline 0.002 -16"><span class='ocrx_word' id='word_1_51' title='bbox 239 606 318 633; x_wconf 91' lang='lat' dir='ltr'>non</span> <span class='ocrx_word' id='word_1_52' title='bbox 336 595 446 643; x_wconf 89' lang='lat' dir='ltr'>libet)</span> <span class='ocrx_word' id='word_1_53' title='bbox 475 597 543 648; x_wconf 91' lang='lat' dir='ltr'>qui</span> <span class='ocrx_word' id='word_1_54' title='bbox 562 609 644 645; x_wconf 89' lang='lat' dir='ltr'>nos,</span> <span class='ocrx_word' id='word_1_55' title='bbox 666 610 761 648; x_wconf 90' lang='lat' dir='ltr'>quos</span> <span class='ocrx_word' id='word_1_56' title='bbox 779 596 969 635; x_wconf 85' lang='lat' dir='ltr'>favendo</span> <span class='ocrx_word' id='word_1_57' title='bbox 958 609 999 634; x_wconf 88' lang='lat' dir='ltr'>m</span> <span class='ocrx_word' id='word_1_58' title='bbox 1025 596 1223 634; x_wconf 89' lang='lat' dir='ltr'>communi</span> <span class='ocrx_word' id='word_1_59' title='bbox 1240 597 1355 634; x_wconf 86' lang='lat' dir='ltr'>causa</span> 
     </span>
     <span class='ocr_line' id='line_1_10' title="bbox 239 648 1355 702; baseline 0.002 -16"><span class='ocrx_word' id='word_1_60' title='bbox 239 648 400 688; x_wconf 86' lang='lat' dir='ltr'>retinere</span> <span class='ocrx_word' id='word_1_61' title='bbox 428 658 650 702; x_wconf 86' lang='lat' dir='ltr'>potuerunt,</span> <span class='ocrx_word' id='word_1_62' title='bbox 684 651 888 689; x_wconf 86' lang='lat' dir='ltr'>invidendo</span> <span class='ocrx_word' id='word_1_63' title='bbox 924 650 1214 689; x_wconf 88' lang='lat' dir='ltr'>abalienarunt:</span> <span class='ocrx_word' id='word_1_64' title='bbox 1259 663 1355 702; x_wconf 90' lang='lat' dir='ltr'>quo-</span> 
     </span>
     <span class='ocr_line' id='line_1_11' title="bbox 237 703 1356 743; baseline 0.002 -3"><span class='ocrx_word' id='word_1_65' title='bbox 237 715 326 741; x_wconf 87' lang='lat' dir='ltr'>rum</span> <span class='ocrx_word' id='word_1_66' title='bbox 344 704 713 743; x_wconf 80' lang='lat' dir='ltr'>malevolentissimis</span> <span class='ocrx_word' id='word_1_67' title='bbox 738 704 1073 743; x_wconf 74' lang='lat' dir='ltr'>obtrectationibus</span> <span class='ocrx_word' id='word_1_68' title='bbox 1097 716 1166 742; x_wconf 93' lang='lat' dir='ltr'>nos</span> <span class='ocrx_word' id='word_1_69' title='bbox 1191 703 1284 742; x_wconf 87' lang='lat' dir='ltr'>scito</span> <span class='ocrx_word' id='word_1_70' title='bbox 1308 704 1356 742; x_wconf 92' lang='lat' dir='ltr'>de</span> 
     </span>
     <span class='ocr_line' id='line_1_12' title="bbox 236 757 1355 810; baseline 0.002 -16"><span class='ocrx_word' id='word_1_71' title='bbox 236 764 361 795; x_wconf 88' lang='lat' dir='ltr'>vetere</span> <span class='ocrx_word' id='word_1_72' title='bbox 386 758 454 796; x_wconf 70' lang='lat' dir='ltr'>issa</span> <span class='ocrx_word' id='word_1_73' title='bbox 481 759 610 798; x_wconf 69' lang='lat' dir='ltr'>nostra</span> <span class='ocrx_word' id='word_1_74' title='bbox 629 759 888 810; x_wconf 64' lang='lat' dir='ltr'>diuturnaque</span> <span class='ocrx_word' id='word_1_75' title='bbox 913 757 1097 797; x_wconf 68' lang='lat' dir='ltr'>sententia</span> <span class='ocrx_word' id='word_1_76' title='bbox 1126 770 1243 810; x_wconf 89' lang='lat' dir='ltr'>prope</span> <span class='ocrx_word' id='word_1_77' title='bbox 1271 759 1355 808; x_wconf 87' lang='lat' dir='ltr'>jam</span> 
     </span>
     <span class='ocr_line' id='line_1_13' title="bbox 236 812 1354 864; baseline 0.002 -16"><span class='ocrx_word' id='word_1_78' title='bbox 236 823 316 849; x_wconf 85' lang='grc'><strong>8558</strong></span> <span class='ocrx_word' id='word_1_79' title='bbox 334 812 536 862; x_wconf 86' lang='lat' dir='ltr'>depulsos;</span> <span class='ocrx_word' id='word_1_80' title='bbox 566 825 644 851; x_wconf 90' lang='lat' dir='ltr'>non</span> <span class='ocrx_word' id='word_1_81' title='bbox 662 825 730 851; x_wconf 90' lang='lat' dir='ltr'>nos</span> <span class='ocrx_word' id='word_1_82' title='bbox 756 813 913 864; x_wconf 87' lang='lat' dir='ltr'>quidem</span> <span class='ocrx_word' id='word_1_83' title='bbox 939 821 983 850; x_wconf 93' lang='lat' dir='ltr'>ut</span> <span class='ocrx_word' id='word_1_84' title='bbox 1000 820 1139 851; x_wconf 75' lang='lat' dir='ltr'>nostrae</span> <span class='ocrx_word' id='word_1_85' title='bbox 1157 812 1354 863; x_wconf 85' lang='lat' dir='ltr'>dignitatis</span> 
     </span>
     <span class='ocr_line' id='line_1_14' title="bbox 236 865 1354 915; baseline 0.001 -13"><span class='ocrx_word' id='word_1_86' title='bbox 236 865 356 903; x_wconf 85' lang='lat' dir='ltr'>simus</span> <span class='ocrx_word' id='word_1_87' title='bbox 388 867 511 915; x_wconf 87' lang='lat' dir='ltr'>obliti,</span> <span class='ocrx_word' id='word_1_88' title='bbox 539 867 604 905; x_wconf 89' lang='lat' dir='ltr'>sed</span> <span class='ocrx_word' id='word_1_89' title='bbox 629 875 674 905; x_wconf 87' lang='lat' dir='ltr'>ut</span> <span class='ocrx_word' id='word_1_90' title='bbox 698 867 908 905; x_wconf 87' lang='lat' dir='ltr'>habeamus</span> <span class='ocrx_word' id='word_1_91' title='bbox 937 866 1123 905; x_wconf 86' lang='lat' dir='ltr'>rationem</span> <span class='ocrx_word' id='word_1_92' title='bbox 1147 865 1354 914; x_wconf 79' lang='lat' dir='ltr'>aliquando</span> 
     </span>
     <span class='ocr_line' id='line_1_15' title="bbox 237 918 1354 972; baseline 0.002 -16"><span class='ocrx_word' id='word_1_93' title='bbox 237 918 353 957; x_wconf 81' lang='lat' dir='ltr'>etiam</span> <span class='ocrx_word' id='word_1_94' title='bbox 383 920 528 959; x_wconf 83' lang='lat' dir='ltr'>salutis.</span> <span class='ocrx_word' id='word_1_95' title='bbox 564 921 720 959; x_wconf 87' lang='lat' dir='ltr'>Poterat</span> <span class='ocrx_word' id='word_1_96' title='bbox 743 928 953 972; x_wconf 90' lang='lat' dir='ltr'>utrumque</span> <span class='ocrx_word' id='word_1_97' title='bbox 981 921 1173 971; x_wconf 88' lang='lat' dir='ltr'>praeclare,</span> <span class='ocrx_word' id='word_1_98' title='bbox 1202 919 1235 958; x_wconf 89' lang='lat' dir='ltr'>si</span> <span class='ocrx_word' id='word_1_99' title='bbox 1257 927 1354 958; x_wconf 57' lang='lat' dir='ltr'>esset</span> 
     </span>
     <span class='ocr_line' id='line_1_16' title="bbox 236 972 1355 1035; baseline 0.001 -25"><span class='ocrx_word' id='word_1_100' title='bbox 236 972 344 1021; x_wconf 78' lang='lat' dir='ltr'>fides,</span> <span class='ocrx_word' id='word_1_101' title='bbox 379 973 411 1012; x_wconf 91' lang='lat' dir='ltr'>si</span> <span class='ocrx_word' id='word_1_102' title='bbox 433 975 612 1035; x_wconf 77' lang='lat' dir='ltr'>gravitas,</span> <span class='ocrx_word' id='word_1_103' title='bbox 643 975 684 1012; x_wconf 91' lang='lat' dir='ltr'>in</span> <span class='ocrx_word' id='word_1_104' title='bbox 710 975 932 1013; x_wconf 89' lang='lat' dir='ltr'>hominibus</span> <span class='ocrx_word' id='word_1_105' title='bbox 961 974 1247 1012; x_wconf 87' lang='lat' dir='ltr'>consularibus:</span> <span class='ocrx_word' id='word_1_106' title='bbox 1289 973 1355 1012; x_wconf 78' lang='lat' dir='ltr'>&#39;sed</span> 
     </span>
     <span class='ocr_line' id='line_1_17' title="bbox 234 1028 1356 1081; baseline 0.002 -17"><span class='ocrx_word' id='word_1_107' title='bbox 234 1033 342 1065; x_wconf 90' lang='lat' dir='ltr'>tanta</span> <span class='ocrx_word' id='word_1_108' title='bbox 360 1036 416 1066; x_wconf 89' lang='lat' dir='ltr'>est</span> <span class='ocrx_word' id='word_1_109' title='bbox 433 1028 473 1066; x_wconf 91' lang='lat' dir='ltr'>in</span> <span class='ocrx_word' id='word_1_110' title='bbox 492 1029 682 1081; x_wconf 83' lang='lat' dir='ltr'>plerisque</span> <span class='ocrx_word' id='word_1_111' title='bbox 700 1029 847 1077; x_wconf 79' lang='lat' dir='ltr'>levitas,</span> <span class='ocrx_word' id='word_1_112' title='bbox 860 1036 905 1066; x_wconf 86' lang='lat' dir='ltr'>ut</span> <span class='ocrx_word' id='word_1_113' title='bbox 919 1041 982 1067; x_wconf 90' lang='lat' dir='ltr'>eos</span> <span class='ocrx_word' id='word_1_114' title='bbox 994 1041 1070 1067; x_wconf 90' lang='lat' dir='ltr'>non</span> <span class='ocrx_word' id='word_1_115' title='bbox 1087 1036 1167 1067; x_wconf 88' lang='lat' dir='ltr'>tam</span> <span class='ocrx_word' id='word_1_116' title='bbox 1181 1034 1356 1066; x_wconf 82' lang='lat' dir='ltr'>constan-</span> 
     </span>
     <span class='ocr_line' id='line_1_18' title="bbox 235 1072 1354 1134; baseline 0.002 -16"><span class='ocrx_word' id='word_1_117' title='bbox 235 1081 290 1118; x_wconf 86' lang='lat' dir='ltr'>tia</span> <span class='ocrx_word' id='word_1_118' title='bbox 307 1081 347 1118; x_wconf 90' lang='lat' dir='ltr'>in</span> <span class='ocrx_word' id='word_1_119' title='bbox 367 1083 563 1133; x_wconf 78' lang='lat' dir='ltr'>republica</span> <span class='ocrx_word' id='word_1_120' title='bbox 582 1094 711 1121; x_wconf 86' lang='lat' dir='ltr'>nostra</span> <span class='ocrx_word' id='word_1_121' title='bbox 721 1082 894 1131; x_wconf 86' lang='lat' dir='ltr'>delectet,</span> <span class='ocrx_word' id='word_1_122' title='bbox 908 1096 1025 1134; x_wconf 85' lang='lat' dir='ltr'>quam</span> <span class='ocrx_word' id='word_1_123' title='bbox 1039 1081 1217 1134; x_wconf 85' lang='lat' dir='ltr'>splendor</span> <span class='ocrx_word' id='word_1_124' title='bbox 1234 1072 1354 1120; x_wconf 88' lang='lat' dir='ltr'>offen-</span> 
     </span>
     <span class='ocr_line' id='line_1_19' title="bbox 235 1135 1352 1188; baseline 0.001 -15"><span class='ocrx_word' id='word_1_125' title='bbox 235 1135 314 1173; x_wconf 83' lang='lat' dir='ltr'>dat.</span> <span class='ocrx_word' id='word_1_126' title='bbox 343 1135 462 1183; x_wconf 86' lang='lat' dir='ltr'>Quod</span> <span class='ocrx_word' id='word_1_127' title='bbox 488 1150 532 1174; x_wconf 89' lang='lat' dir='ltr'>eo</span> <span class='ocrx_word' id='word_1_128' title='bbox 549 1137 730 1176; x_wconf 87' lang='lat' dir='ltr'>libentius</span> <span class='ocrx_word' id='word_1_129' title='bbox 749 1137 799 1174; x_wconf 86' lang='lat' dir='ltr'>ad</span> <span class='ocrx_word' id='word_1_130' title='bbox 821 1143 858 1175; x_wconf 90' lang='lat' dir='ltr'>te</span> <span class='ocrx_word' id='word_1_131' title='bbox 884 1137 1019 1184; x_wconf 84' lang='lat' dir='ltr'>scribo,</span> <span class='ocrx_word' id='word_1_132' title='bbox 1040 1136 1108 1188; x_wconf 90' lang='lat' dir='ltr'>qui</span> <span class='ocrx_word' id='word_1_133' title='bbox 1129 1148 1205 1173; x_wconf 92' lang='lat' dir='ltr'>non</span> <span class='ocrx_word' id='word_1_134' title='bbox 1226 1137 1352 1174; x_wconf 85' lang='lat' dir='ltr'>solum</span> 
     </span>
     <span class='ocr_line' id='line_1_20' title="bbox 233 1189 1351 1242; baseline 0.002 -16"><span class='ocrx_word' id='word_1_135' title='bbox 233 1190 501 1241; x_wconf 87' lang='lat' dir='ltr'>temporibus</span> <span class='ocrx_word' id='word_1_136' title='bbox 490 1191 551 1239; x_wconf 89' lang='grc'><strong>115,</strong></span> <span class='ocrx_word' id='word_1_137' title='bbox 572 1204 659 1242; x_wconf 91' lang='lat' dir='ltr'>quae</span> <span class='ocrx_word' id='word_1_138' title='bbox 685 1204 754 1242; x_wconf 91' lang='lat' dir='ltr'>per</span> <span class='ocrx_word' id='word_1_139' title='bbox 781 1198 819 1228; x_wconf 92' lang='lat' dir='ltr'>te</span> <span class='ocrx_word' id='word_1_140' title='bbox 842 1203 928 1229; x_wconf 91' lang='lat' dir='ltr'>sum</span> <span class='ocrx_word' id='word_1_141' title='bbox 951 1190 1126 1242; x_wconf 88' lang='lat' dir='ltr'>adeptus,</span> <span class='ocrx_word' id='word_1_142' title='bbox 1152 1189 1219 1228; x_wconf 86' lang='lat' dir='ltr'>sed</span> <span class='ocrx_word' id='word_1_143' title='bbox 1236 1190 1351 1228; x_wconf 86' lang='lat' dir='ltr'>etiam</span> 
     </span>
     <span class='ocr_line' id='line_1_21' title="bbox 233 1243 1352 1296; baseline 0.001 -15"><span class='ocrx_word' id='word_1_144' title='bbox 233 1243 327 1282; x_wconf 81' lang='lat' dir='ltr'>oL‘m</span> <span class='ocrx_word' id='word_1_145' title='bbox 345 1245 512 1282; x_wconf 85' lang='lat' dir='ltr'>nascenti</span> <span class='ocrx_word' id='word_1_146' title='bbox 536 1258 655 1296; x_wconf 87' lang='lat' dir='ltr'>prope</span> <span class='ocrx_word' id='word_1_147' title='bbox 678 1252 816 1283; x_wconf 83' lang='lat' dir='ltr'>nostrae</span> <span class='ocrx_word' id='word_1_148' title='bbox 841 1244 962 1291; x_wconf 88' lang='lat' dir='ltr'>laudi,</span> <span class='ocrx_word' id='word_1_149' title='bbox 989 1244 1180 1295; x_wconf 82' lang='lat' dir='ltr'>dignitati,</span> <span class='ocrx_word' id='word_1_150' title='bbox 1203 1243 1352 1282; x_wconf 85' lang='lat' dir='ltr'>virtuti-</span> 
     </span>
     <span class='ocr_line' id='line_1_22' title="bbox 233 1298 1352 1360; baseline 0.002 -26"><span class='ocrx_word' id='word_1_151' title='bbox 233 1310 323 1348; x_wconf 88' lang='lat' dir='ltr'>que,</span> <span class='ocrx_word' id='word_1_152' title='bbox 343 1298 551 1348; x_wconf 85' lang='lat' dir='ltr'>praefuisti:</span> <span class='ocrx_word' id='word_1_153' title='bbox 584 1300 701 1337; x_wconf 90' lang='lat' dir='ltr'>simul</span> <span class='ocrx_word' id='word_1_154' title='bbox 726 1298 836 1360; x_wconf 81' lang='lat' dir='ltr'>quod</span> <span class='ocrx_word' id='word_1_155' title='bbox 849 1299 973 1346; x_wconf 90' lang='lat' dir='ltr'>video,</span> <span class='ocrx_word' id='word_1_156' title='bbox 997 1311 1075 1336; x_wconf 91' lang='lat' dir='ltr'>non</span> <span class='ocrx_word' id='word_1_157' title='bbox 1101 1301 1163 1342; x_wconf 90' lang='lat' dir='ltr'>(ut</span> <span class='ocrx_word' id='word_1_158' title='bbox 1191 1298 1352 1338; x_wconf 80' lang='lat' dir='ltr'>antehac</span> 
     </span>
     <span class='ocr_line' id='line_1_23' title="bbox 233 1351 1349 1401; baseline 0.001 -12"><span class='ocrx_word' id='word_1_159' title='bbox 233 1353 436 1401; x_wconf 86' lang='lat' dir='ltr'>putabam)</span> <span class='ocrx_word' id='word_1_160' title='bbox 466 1353 623 1391; x_wconf 88' lang='lat' dir='ltr'>novitati</span> <span class='ocrx_word' id='word_1_161' title='bbox 653 1366 732 1391; x_wconf 89' lang='lat' dir='ltr'>esse</span> <span class='ocrx_word' id='word_1_162' title='bbox 759 1353 927 1390; x_wconf 82' lang='lat' dir='ltr'>invisum</span> <span class='ocrx_word' id='word_1_163' title='bbox 949 1365 1069 1391; x_wconf 87' lang='lat' dir='ltr'>meae:</span> <span class='ocrx_word' id='word_1_164' title='bbox 1099 1352 1140 1390; x_wconf 86' lang='lat' dir='ltr'>in</span> <span class='ocrx_word' id='word_1_165' title='bbox 1166 1360 1203 1390; x_wconf 92' lang='lat' dir='ltr'>te</span> <span class='ocrx_word' id='word_1_166' title='bbox 1230 1351 1349 1399; x_wconf 88' lang='lat' dir='ltr'>enim,</span> 
     </span>
     <span class='ocr_line' id='line_1_24' title="bbox 233 1404 1352 1454; baseline 0.002 -12"><span class='ocrx_word' id='word_1_167' title='bbox 233 1404 389 1443; x_wconf 89' lang='lat' dir='ltr'>homine</span> <span class='ocrx_word' id='word_1_168' title='bbox 407 1406 582 1443; x_wconf 84' lang='lat' dir='ltr'>omnium</span> <span class='ocrx_word' id='word_1_169' title='bbox 600 1407 848 1454; x_wconf 84' lang='lat' dir='ltr'>nobilissimo,</span> <span class='ocrx_word' id='word_1_170' title='bbox 865 1406 1006 1444; x_wconf 84' lang='lat' dir='ltr'>similia</span> <span class='ocrx_word' id='word_1_171' title='bbox 1023 1406 1240 1445; x_wconf 88' lang='lat' dir='ltr'>invidorum</span> <span class='ocrx_word' id='word_1_172' title='bbox 1259 1405 1352 1444; x_wconf 88' lang='lat' dir='ltr'>vitia</span> 
     </span>
     <span class='ocr_line' id='line_1_25' title="bbox 231 1459 1353 1512; baseline 0.002 -16"><span class='ocrx_word' id='word_1_173' title='bbox 231 1459 433 1510; x_wconf 84' lang='lat' dir='ltr'>perspexi;</span> <span class='ocrx_word' id='word_1_174' title='bbox 464 1472 581 1510; x_wconf 90' lang='lat' dir='ltr'>quem</span> <span class='ocrx_word' id='word_1_175' title='bbox 604 1469 732 1498; x_wconf 87' lang='lat' dir='ltr'>tamen</span> <span class='ocrx_word' id='word_1_176' title='bbox 751 1460 809 1498; x_wconf 90' lang='lat' dir='ltr'>illi</span> <span class='ocrx_word' id='word_1_177' title='bbox 831 1473 911 1499; x_wconf 87' lang='lat' dir='ltr'>esse</span> <span class='ocrx_word' id='word_1_178' title='bbox 928 1461 969 1498; x_wconf 90' lang='lat' dir='ltr'>in</span> <span class='ocrx_word' id='word_1_179' title='bbox 987 1460 1224 1512; x_wconf 88' lang='lat' dir='ltr'>principibus</span> <span class='ocrx_word' id='word_1_180' title='bbox 1241 1460 1353 1499; x_wconf 88' lang='lat' dir='ltr'>facile</span> 
     </span>
     <span class='ocr_line' id='line_1_26' title="bbox 231 1513 1105 1564; baseline 0.002 -13"><span class='ocrx_word' id='word_1_181' title='bbox 231 1520 323 1551; x_wconf 90' lang='lat' dir='ltr'>sunt</span> <span class='ocrx_word' id='word_1_182' title='bbox 341 1513 456 1564; x_wconf 89' lang='lat' dir='ltr'>passi,</span> <span class='ocrx_word' id='word_1_183' title='bbox 473 1514 619 1552; x_wconf 82' lang='lat' dir='ltr'>evolare</span> <span class='ocrx_word' id='word_1_184' title='bbox 638 1515 752 1553; x_wconf 84' lang='lat' dir='ltr'>altius</span> <span class='ocrx_word' id='word_1_185' title='bbox 771 1522 868 1553; x_wconf 89' lang='lat' dir='ltr'>certe</span> <span class='ocrx_word' id='word_1_186' title='bbox 888 1515 1105 1553; x_wconf 86' lang='lat' dir='ltr'>noluerunt.</span> 
     </span>
    </p>

    <p class='ocr_par' dir='ltr' id='par_1_4' title="bbox 227 1566 1351 2160">
     <span class='ocr_line' id='line_1_27' title="bbox 287 1566 1351 1607; baseline 0.002 -3"><span class='ocrx_word' id='word_1_187' title='bbox 287 1566 449 1604; x_wconf 86' lang='lat' dir='ltr'>Gaudeo</span> <span class='ocrx_word' id='word_1_188' title='bbox 469 1575 577 1605; x_wconf 86' lang='lat' dir='ltr'>tuam</span> <span class='ocrx_word' id='word_1_189' title='bbox 602 1567 824 1605; x_wconf 84' lang='lat' dir='ltr'>dissimilem</span> <span class='ocrx_word' id='word_1_190' title='bbox 849 1568 967 1607; x_wconf 89' lang='lat' dir='ltr'>fuisse</span> <span class='ocrx_word' id='word_1_191' title='bbox 991 1568 1198 1607; x_wconf 88' lang='lat' dir='ltr'>fortunam.</span> <span class='ocrx_word' id='word_1_192' title='bbox 1238 1567 1351 1606; x_wconf 91' lang='lat' dir='ltr'>Mul-</span> 
     </span>
     <span class='ocr_line' id='line_1_28' title="bbox 232 1621 1351 1670; baseline 0.002 -12"><span class='ocrx_word' id='word_1_193' title='bbox 232 1627 317 1658; x_wconf 88' lang='lat' dir='ltr'>tum</span> <span class='ocrx_word' id='word_1_194' title='bbox 337 1621 440 1659; x_wconf 88' lang='lat' dir='ltr'>enim</span> <span class='ocrx_word' id='word_1_195' title='bbox 459 1621 626 1669; x_wconf 86' lang='lat' dir='ltr'>interest,</span> <span class='ocrx_word' id='word_1_196' title='bbox 646 1630 778 1659; x_wconf 90' lang='lat' dir='ltr'>utrum</span> <span class='ocrx_word' id='word_1_197' title='bbox 796 1622 881 1661; x_wconf 88' lang='lat' dir='ltr'>laus</span> <span class='ocrx_word' id='word_1_198' title='bbox 899 1623 1167 1670; x_wconf 81' lang='lat' dir='ltr'>imminuatur,</span> <span class='ocrx_word' id='word_1_199' title='bbox 1180 1635 1230 1660; x_wconf 89' lang='lat' dir='ltr'>an</span> <span class='ocrx_word' id='word_1_200' title='bbox 1249 1623 1351 1660; x_wconf 87' lang='lat' dir='ltr'>salus</span> 
     </span>
     <span class='ocr_line' id='line_1_29' title="bbox 231 1674 1351 1728; baseline 0.001 -15"><span class='ocrx_word' id='word_1_201' title='bbox 231 1674 438 1713; x_wconf 86' lang='lat' dir='ltr'>deseratur.</span> <span class='ocrx_word' id='word_1_202' title='bbox 477 1675 549 1713; x_wconf 84' lang='lat' dir='ltr'>Me</span> <span class='ocrx_word' id='word_1_203' title='bbox 573 1689 670 1713; x_wconf 88' lang='lat' dir='ltr'>meae</span> <span class='ocrx_word' id='word_1_204' title='bbox 688 1684 817 1714; x_wconf 89' lang='lat' dir='ltr'>tamen</span> <span class='ocrx_word' id='word_1_205' title='bbox 837 1688 884 1714; x_wconf 92' lang='lat' dir='ltr'>ne</span> <span class='ocrx_word' id='word_1_206' title='bbox 910 1677 1025 1715; x_wconf 86' lang='lat' dir='ltr'>nimis</span> <span class='ocrx_word' id='word_1_207' title='bbox 1050 1677 1261 1728; x_wconf 87' lang='lat' dir='ltr'>poeniteret,</span> <span class='ocrx_word' id='word_1_208' title='bbox 1281 1677 1351 1714; x_wconf 61' lang='lat' dir='ltr'>tua</span> 
     </span>
     <span class='ocr_line' id='line_1_30' title="bbox 230 1729 1349 1782; baseline 0.001 -15"><span class='ocrx_word' id='word_1_209' title='bbox 230 1729 369 1767; x_wconf 81' lang='lat' dir='ltr'>virtute</span> <span class='ocrx_word' id='word_1_210' title='bbox 387 1729 599 1781; x_wconf 77' lang='lat' dir='ltr'>perfectum</span> <span class='ocrx_word' id='word_1_211' title='bbox 619 1739 685 1768; x_wconf 89' lang='lat' dir='ltr'>est.</span> <span class='ocrx_word' id='word_1_212' title='bbox 715 1730 868 1768; x_wconf 68' lang='lat' dir='ltr'>Curasti</span> <span class='ocrx_word' id='word_1_213' title='bbox 883 1731 999 1778; x_wconf 88' lang='lat' dir='ltr'>enim,</span> <span class='ocrx_word' id='word_1_214' title='bbox 1013 1739 1057 1769; x_wconf 88' lang='lat' dir='ltr'>ut</span> <span class='ocrx_word' id='word_1_215' title='bbox 1070 1731 1159 1782; x_wconf 91' lang='lat' dir='ltr'>plus</span> <span class='ocrx_word' id='word_1_216' title='bbox 1174 1730 1349 1768; x_wconf 86' lang='lat' dir='ltr'>additum</span> 
     </span>
     <span class='ocr_line' id='line_1_31' title="bbox 231 1782 1350 1836; baseline 0 -15"><span class='ocrx_word' id='word_1_217' title='bbox 231 1782 281 1821; x_wconf 85' lang='lat' dir='ltr'>ad</span> <span class='ocrx_word' id='word_1_218' title='bbox 298 1784 525 1822; x_wconf 86' lang='lat' dir='ltr'>memoriam</span> <span class='ocrx_word' id='word_1_219' title='bbox 545 1784 710 1822; x_wconf 88' lang='lat' dir='ltr'>nominis</span> <span class='ocrx_word' id='word_1_220' title='bbox 729 1784 860 1832; x_wconf 85' lang='lat' dir='ltr'>nostri,</span> <span class='ocrx_word' id='word_1_221' title='bbox 881 1798 997 1836; x_wconf 88' lang='lat' dir='ltr'>quam</span> <span class='ocrx_word' id='word_1_222' title='bbox 1014 1785 1187 1822; x_wconf 81' lang='lat' dir='ltr'>demtum</span> <span class='ocrx_word' id='word_1_223' title='bbox 1207 1784 1254 1822; x_wconf 93' lang='lat' dir='ltr'>de</span> <span class='ocrx_word' id='word_1_224' title='bbox 1273 1783 1350 1822; x_wconf 84' lang='lat' dir='ltr'>for·</span> 
     </span>
     <span class='ocr_line' id='line_1_32' title="bbox 230 1837 1347 1885; baseline 0.001 -11"><span class='ocrx_word' id='word_1_225' title='bbox 230 1838 340 1885; x_wconf 71' lang='lat' dir='ltr'>tuna,</span> <span class='ocrx_word' id='word_1_226' title='bbox 362 1837 564 1876; x_wconf 72' lang='lat' dir='ltr'>videretur.</span> <span class='ocrx_word' id='word_1_227' title='bbox 594 1838 654 1876; x_wconf 85' lang='lat' dir='ltr'>Te</span> <span class='ocrx_word' id='word_1_228' title='bbox 674 1851 760 1876; x_wconf 87' lang='lat' dir='ltr'>vero</span> <span class='ocrx_word' id='word_1_229' title='bbox 782 1851 932 1885; x_wconf 87' lang='lat' dir='ltr'>moneo,</span> <span class='ocrx_word' id='word_1_230' title='bbox 949 1851 1038 1877; x_wconf 89' lang='lat' dir='ltr'>cum</span> <span class='ocrx_word' id='word_1_231' title='bbox 1050 1838 1242 1877; x_wconf 87' lang='lat' dir='ltr'>beneficiis</span> <span class='ocrx_word' id='word_1_232' title='bbox 1257 1838 1347 1884; x_wconf 88' lang='lat' dir='ltr'>tuis,</span> 
     </span>
     <span class='ocr_line' id='line_1_33' title="bbox 230 1891 1350 1955; baseline 0.001 -27"><span class='ocrx_word' id='word_1_233' title='bbox 230 1897 317 1929; x_wconf 89' lang='lat' dir='ltr'>tum</span> <span class='ocrx_word' id='word_1_234' title='bbox 343 1905 472 1930; x_wconf 89' lang='lat' dir='ltr'>amore</span> <span class='ocrx_word' id='word_1_235' title='bbox 503 1892 680 1930; x_wconf 83' lang='lat' dir='ltr'>incitatus</span> <span class='ocrx_word' id='word_1_236' title='bbox 713 1905 812 1939; x_wconf 87' lang='lat' dir='ltr'>meo,</span> <span class='ocrx_word' id='word_1_237' title='bbox 841 1900 885 1930; x_wconf 90' lang='lat' dir='ltr'>ut</span> <span class='ocrx_word' id='word_1_238' title='bbox 911 1905 1064 1931; x_wconf 89' lang='lat' dir='ltr'>omnem</span> <span class='ocrx_word' id='word_1_239' title='bbox 1094 1892 1270 1955; x_wconf 86' lang='lat' dir='ltr'>gloriam,</span> <span class='ocrx_word' id='word_1_240' title='bbox 1299 1891 1350 1930; x_wconf 89' lang='lat' dir='ltr'>ad</span> 
     </span>
     <span class='ocr_line' id='line_1_34' title="bbox 229 1946 1351 2007; baseline 0.001 -25"><span class='ocrx_word' id='word_1_241' title='bbox 229 1958 348 1995; x_wconf 90' lang='lat' dir='ltr'>quam</span> <span class='ocrx_word' id='word_1_242' title='bbox 367 1959 389 1983; x_wconf 91' lang='grc'>3</span> <span class='ocrx_word' id='word_1_243' title='bbox 407 1946 572 1997; x_wconf 86' lang='lat' dir='ltr'>pueritia</span> <span class='ocrx_word' id='word_1_244' title='bbox 584 1947 845 1984; x_wconf 86' lang='lat' dir='ltr'>inflammatus</span> <span class='ocrx_word' id='word_1_245' title='bbox 863 1946 983 1993; x_wconf 83' lang='lat' dir='ltr'>fuisti,</span> <span class='ocrx_word' id='word_1_246' title='bbox 1003 1946 1110 1984; x_wconf 88' lang='lat' dir='ltr'>omni</span> <span class='ocrx_word' id='word_1_247' title='bbox 1129 1946 1219 1984; x_wconf 71' lang='lat' dir='ltr'>cura</span> <span class='ocrx_word' id='word_1_248' title='bbox 1234 1954 1351 2007; x_wconf 81' lang='lat' dir='ltr'>atque</span> 
     </span>
     <span class='ocr_line' id='line_1_35' title="bbox 229 1999 1348 2052; baseline -0.001 -15"><span class='ocrx_word' id='word_1_249' title='bbox 229 1999 418 2038; x_wconf 81' lang='lat' dir='ltr'>industria</span> <span class='ocrx_word' id='word_1_250' title='bbox 438 2013 693 2052; x_wconf 88' lang='lat' dir='ltr'>consequare;</span> <span class='ocrx_word' id='word_1_251' title='bbox 723 2000 1105 2052; x_wconf 84' lang='lat' dir='ltr'>magnitudinemque</span> <span class='ocrx_word' id='word_1_252' title='bbox 1130 1999 1250 2037; x_wconf 82' lang='lat' dir='ltr'>animi</span> <span class='ocrx_word' id='word_1_253' title='bbox 1276 1999 1348 2047; x_wconf 88' lang='grc'><strong>1111,</strong></span> 
     </span>
     <span class='ocr_line' id='line_1_36' title="bbox 228 2053 1347 2120; baseline 0.001 -29"><span class='ocrx_word' id='word_1_254' title='bbox 228 2066 348 2104; x_wconf 90' lang='lat' dir='ltr'>quam</span> <span class='ocrx_word' id='word_1_255' title='bbox 369 2067 439 2105; x_wconf 89' lang='lat' dir='ltr'>ego</span> <span class='ocrx_word' id='word_1_256' title='bbox 455 2067 603 2106; x_wconf 90' lang='lat' dir='ltr'>semper</span> <span class='ocrx_word' id='word_1_257' title='bbox 621 2068 707 2092; x_wconf 91' lang='lat' dir='ltr'>sum</span> <span class='ocrx_word' id='word_1_258' title='bbox 721 2055 944 2116; x_wconf 78' lang='lat' dir='ltr'>admiratus,</span> <span class='ocrx_word' id='word_1_259' title='bbox 964 2067 1190 2120; x_wconf 81' lang='lat' dir='ltr'>semperque</span> <span class='ocrx_word' id='word_1_260' title='bbox 1205 2053 1347 2100; x_wconf 86' lang='lat' dir='ltr'>amavi,</span> 
     </span>
     <span class='ocr_line' id='line_1_37' title="bbox 227 2109 1075 2170; baseline 0.002 -25"><span class='ocrx_word' id='word_1_261' title='bbox 227 2119 276 2145; x_wconf 90' lang='lat' dir='ltr'>ne</span> <span class='ocrx_word' id='word_1_262' title='bbox 294 2120 469 2159; x_wconf 90' lang='lat' dir='ltr'>unquam</span> <span class='ocrx_word' id='word_1_263' title='bbox 487 2109 656 2146; x_wconf 88' lang='lat' dir='ltr'>inflectas</span> <span class='ocrx_word' id='word_1_264' title='bbox 675 2110 904 2170; x_wconf 83' lang='lat' dir='ltr'>cujusquam</span> <span class='ocrx_word' id='word_1_265' title='bbox 922 2109 1075 2158; x_wconf 86' lang='lat' dir='ltr'>injuria.</span> 
     </span>
    </p>

    <p class='ocr_par' dir='ltr' id='par_1_5' title="bbox 224 2161 1346 2269">
     <span class='ocr_line' id='line_1_38' title="bbox 282 2161 1346 2214; baseline 0 -15"><span class='ocrx_word' id='word_1_266' title='bbox 282 2161 433 2213; x_wconf 87' lang='lat' dir='ltr'>Magna</span> <span class='ocrx_word' id='word_1_267' title='bbox 460 2169 515 2200; x_wconf 62' lang='lat' dir='ltr'>est</span> <span class='ocrx_word' id='word_1_268' title='bbox 543 2162 748 2201; x_wconf 88' lang='lat' dir='ltr'>hominum</span> <span class='ocrx_word' id='word_1_269' title='bbox 770 2163 900 2214; x_wconf 89' lang='lat' dir='ltr'>opinio</span> <span class='ocrx_word' id='word_1_270' title='bbox 929 2162 976 2201; x_wconf 91' lang='lat' dir='ltr'>de</span> <span class='ocrx_word' id='word_1_271' title='bbox 995 2170 1046 2210; x_wconf 90' lang='lat' dir='ltr'>te,</span> <span class='ocrx_word' id='word_1_272' title='bbox 1072 2175 1215 2214; x_wconf 84' lang='lat' dir='ltr'>magna</span> <span class='ocrx_word' id='word_1_273' title='bbox 1241 2173 1346 2200; x_wconf 79' lang='lat' dir='ltr'>com-</span> 
     </span>
     <span class='ocr_line' id='line_1_39' title="bbox 224 2215 1346 2269; baseline 0.001 -16"><span class='ocrx_word' id='word_1_274' title='bbox 224 2215 418 2257; x_wconf 87' lang='lat' dir='ltr'>mendatio</span> <span class='ocrx_word' id='word_1_275' title='bbox 429 2216 679 2267; x_wconf 86' lang='lat' dir='ltr'>liberalitatis,</span> <span class='ocrx_word' id='word_1_276' title='bbox 692 2230 834 2269; x_wconf 85' lang='lat' dir='ltr'>magna</span> <span class='ocrx_word' id='word_1_277' title='bbox 848 2217 1034 2258; x_wconf 80' lang='lat' dir='ltr'>memoria</span> <span class='ocrx_word' id='word_1_278' title='bbox 1048 2217 1264 2257; x_wconf 68' lang='lat' dir='ltr'>consulatus</span> <span class='ocrx_word' id='word_1_279' title='bbox 1276 2215 1346 2254; x_wconf 89' lang='lat' dir='ltr'>tui.</span> 
     </span>
    </p>
   </div>
  </div>
 </body>
</html>
