1501 2407
172 76 249 116 118
387 77 472 118 AD
501 78 804 120 DIVERSOS.
834 81 936 120 111ss.
960 79 1014 120 V.
1044 82 1084 119 5.

167 185 334 235 ciebant,
362 187 541 228 animum
574 197 690 229 tuum
718 189 974 229 immutatum
1001 187 1296 241 signifioebant:

165 253 255 292 quae
273 254 332 280 τας
350 241 454 290 fecit,
474 249 520 282 ut
537 243 609 283 tibi
625 244 746 284 literis
763 246 980 297 obstrepere
1004 257 1084 282 non
1101 241 1298 282 auderem.

167 294 212 333 N
213 308 290 335 unc
316 296 415 336 mihi
440 297 616 346 Quintus
638 298 758 339 frater
780 312 891 338 meus
913 298 1161 338 mitissimam
1186 303 1299 335 tuam

166 350 395 400 orationem,
427 366 547 404 quam
575 353 618 391 in
647 361 782 393 senatu
814 354 1029 402 habuissem
1050 349 1298 405 perscripsit;

166 405 247 456 qua
264 405 461 455 inductus,
482 407 531 446 ad
551 416 588 447 te
607 408 768 448 scribere
786 421 875 447 sum
894 415 1081 454 conatus;
1114 413 1152 445 et
1165 407 1234 444 abs
1247 412 1301 452 te,

166 466 360 510 quantum
386 468 454 500 tua
481 462 555 500 fert
573 463 766 512 voluntas,
793 470 883 515 peto
907 475 1128 515 quaesoque,
1147 467 1193 499 ut
1215 466 1304 498 tuos

166 526 322 553 mecum
355 529 478 555 servas
513 518 656 569 potius,
696 531 831 570 quam,
870 524 1027 570 propter
1059 521 1302 567 arrogantem

166 568 431 609 crudelitatem
452 578 622 621 tuorum,
636 584 700 611 me
718 585 929 624 oppugnes.
959 571 1041 620 Tu,
1062 578 1148 609 tuas
1171 567 1303 607 inimi·

165 622 273 662 citias
302 631 347 662 ut
373 625 594 678 reipublicae
623 626 804 676 donares,
834 635 874 665 te
900 625 1048 665 vicisti:
1085 624 1229 664 alienas
1257 629 1303 660 ut

167 685 301 716 contra
319 680 599 732 rempublicam
619 681 839 727 confirmes,
865 680 1066 720 adduceris
1083 682 1100 719 ?

221 732 342 781 Quod
371 734 403 772 si
427 735 527 773 mihi
548 735 618 774 tua
644 736 849 774 clementia
871 748 986 787 opem
1008 733 1156 782 tuleris,
1176 732 1303 772 omni-

166 788 240 826 bus
258 787 300 826 in
318 789 432 828 rebus
447 802 511 828 me
529 789 610 828 fore
627 789 668 827 in
687 791 758 828 tua
776 797 979 842 potestate,
999 788 1071 828 tibi
1089 787 1299 827 confirmo:

167 842 229 880 sin
248 842 346 880 mihi
373 856 499 895 neque
523 844 795 896 magistratum
821 856 947 896 neque
972 851 1151 883 senatum
1179 855 1306 894 neque

167 897 359 948 populum
391 898 586 948 auxiliari,
616 907 773 952 propter
800 911 889 938 oem
906 899 988 937 vim
1012 911 1101 951 quae
1122 909 1187 936 me
1213 909 1302 936 cum

168 951 367 1002 republica
400 952 505 1002 vicit,
531 953 707 1000 licuerit,
738 953 841 1002 vide,
867 966 931 1002 ne,
960 965 1052 992 cum
1077 951 1173 991 velis
1197 963 1307 991 revo-

168 1018 254 1044 care
272 1013 426 1058 tempus
445 1008 622 1046 omnium
641 1008 933 1053 servandorum,
960 1020 1066 1056 cum,
1086 1006 1156 1060 qui
1181 1019 1307 1046 serve-

170 1067 247 1108 tur,
268 1073 347 1100 non
365 1061 451 1110 erit,
472 1074 550 1102 non
568 1062 700 1115 possis.
731 1062 845 1102 Vale.

172 1227 263 1273 (ὃ.)
294 1224 417 1265 MC.
446 1227 486 1266 S.
505 1225 558 1265 D.
587 1227 635 1266 C.
655 1226 951 1277 ANTONIO,
982 1226 1045 1266 M.
1059 1226 1107 1265 F.
1136 1224 1306 1264 IMPE-

184 1316 188 1320 .
622 1281 864 1322 RATORI.

242 1390 573 1440 (Argumentum.
594 1413 649 1421 —-
667 1390 873 1431 Desiderat
920 1391 966 1430 C.
1008 1389 1193 1438 Antonii,
1241 1389 1303 1428 sui

167 1455 292 1496 nuper
327 1444 369 1483 in
393 1447 596 1485 consulatu
626 1446 798 1499 collegae,
825 1454 913 1484 tum
946 1444 1184 1498 proconsulis
1214 1444 1309 1483 Ma-

166 1498 349 1546 cedoniae,
388 1499 513 1539 officia
542 1508 706 1540 mutua:
744 1500 882 1540 deinde
918 1499 1126 1553 Pomponii
1163 1498 1303 1545 Attici,

166 1553 236 1647 {gi
262 1553 332 1593 has
357 1554 552 1605 afferebat,
580 1555 622 1593 in
651 1555 849 1608 provincia
877 1555 1076 1607 negotium
1106 1565 1305 1593 commen-

223 1615 270 1657 t·)

227 1716 316 1757 Etsi
343 1726 553 1759 statueram
581 1720 709 1759 nullas
737 1721 787 1759 ad
815 1728 853 1759 te
878 1719 1010 1758 literas
1037 1718 1205 1765 mittere,
1234 1717 1308 1756 nisi

168 1773 503 1813 commendaticias
523 1778 618 1818 (non
637 1788 716 1827 quo
734 1788 797 1814 eas
814 1774 1068 1826 intelligerem
1091 1772 1182 1812 satis
1200 1772 1306 1825 apud

168 1834 207 1865 te
244 1827 383 1875 valere,
414 1829 480 1868 sed
506 1842 554 1868 ne
580 1830 641 1879 iis,
673 1829 742 1882 qui
769 1842 833 1868 me
860 1836 1053 1881 rogarent,
1086 1827 1234 1880 aliquid
1259 1826 1309 1866 de

169 1882 300 1920 nostra
331 1884 600 1934 conjunctione
628 1884 885 1923 imminutum
911 1896 993 1922 esse
1019 1882 1304 1930 ostenderem);

169 1942 314 1984 tamen,
335 1949 426 1976 cum
446 1938 497 1977 T.
519 1938 776 1991 Pomponius,
794 1939 914 1978 homo
935 1938 1114 1977 omnium
1131 1949 1310 1976 meorum

169 1990 211 2028 in
224 1998 262 2030 te
280 1991 499 2032 studiorum
512 2001 550 2032 et
557 1993 770 2032 officiorum
780 1993 953 2032 maxime
967 1992 1153 2040 conscius,
1168 1990 1227 2030 tui
1241 2003 1310 2029 cu-

169 2044 299 2097 pidus,
319 2047 436 2086 nostri
455 2048 761 2097 amantissimus,
780 2047 832 2087 ad
850 2055 887 2086 te
905 2047 1220 2100 proficisceretur,
1240 2045 1312 2084 ali-

171 2099 268 2152 quid
290 2100 389 2140 mihi
404 2102 649 2141 scribendum
668 2103 828 2155 putavi;
858 2102 1070 2155 praesertim
1092 2113 1184 2140 cum
1202 2099 1313 2139 aliter

171 2153 247 2206 ipsi
273 2155 491 2209 Pomponio
509 2156 722 2196 satisfacere
735 2169 811 2195 non
833 2170 997 2210 possem.
1027 2155 1115 2208 Ego
1132 2155 1165 2194 si
1182 2155 1252 2194 abs
1277 2162 1314 2192 te

174 2222 328 2249 summa
360 2210 486 2250 officia
513 2211 739 2259 desiderem,
763 2212 909 2251 mirum
936 2211 1083 2250 nemini
1103 2209 1222 2250 videri
1250 2208 1318 2248 d<-
