1501 2407
234 81 288 119 60
441 80 526 119 AD
545 79 846 120 DlVERSOS.
875 81 976 120 LIB.
997 79 1079 119 ΙΙΙ.
1099 85 1138 122 5.

294 187 425 228 Pridie
443 189 580 228 Nonas
593 189 623 228 J
626 189 751 238 unias,
767 202 857 228 cum
869 201 990 229 essem
1002 190 1217 241 Brundisii,
1235 192 1365 234 literas

239 251 327 283 tuas
358 243 511 295 accepi3
553 243 695 295 quibus
733 250 814 282 erat
842 244 1043 296 scriptum,
1074 253 1113 284 te
1141 245 1192 283 L.
1226 246 1366 287 Clodio

239 297 457 345 mandasse,
471 311 558 349 quae
572 299 686 336 illum
696 310 851 336 mecum
862 299 970 350 loqui
989 300 1116 338 velles.
1144 299 1254 339 Eum
1273 315 1364 342 sane

240 354 524 404 exspectabam,
545 360 589 390 ut
608 366 665 399 ea,
679 365 767 404 quae
786 366 810 390 a
827 359 865 390 te
877 353 1040 402 afferret,
1057 366 1177 406 quam
1190 355 1362 406 primum

239 419 515 458 cognoscerem.
559 406 700 444 Meum
731 407 902 445 studium
929 421 1019 458 erga
1044 415 1097 457 te,
1123 414 1162 446 et
1179 408 1367 460 officium,

240 460 395 500 tametsi
423 460 558 499 multis
582 462 666 510 jam
691 462 803 499 rebus
823 474 931 512 spero
951 462 1022 500 tibi
1050 475 1130 501 esse
1149 464 1361 514 cognitum,

241 524 370 554 tamen
400 515 440 553 in
463 515 509 552 iis
533 515 705 553 maxime
731 515 945 562 declarabo,
977 516 1118 567 quibus
1147 517 1363 567 plurimum

240 571 453 622 significare
477 577 622 621 potero,
645 577 753 607 tuam
771 569 868 607 mihi
887 570 1207 609 existimationem
1226 579 1264 610 et
1281 573 1367 625 dig-

242 625 402 663 nitatem
418 624 652 663 carissimam
668 637 757 661 esse.
788 623 895 661 Mihi
907 631 945 662 et
958 623 1009 672 Q.
1022 624 1166 663 Fabius
1181 625 1347 678 Virgilia

242 692 331 725 nus,
353 686 390 717 et
409 679 455 717 C.
477 679 651 725 Flaccus,
673 677 787 715 Lucii
805 677 923 726 filius,
945 686 982 716 et
993 678 1283 730 diligentissime
1301 681 1366 721 M.

243 733 444 780 Octavius,
466 732 574 771 Cnaei
592 733 710 779 filius,
732 732 1019 780 demonstravit,
1035 745 1099 771 me
1117 747 1141 772 a
1158 740 1196 772 te
1208 735 1369 785 plurimi

241 788 348 826 fieri:
380 788 485 839 quod
504 795 655 838 egomet
672 786 806 824 multis
825 787 1061 837 argumentis
1075 789 1158 837 jam
1178 795 1290 827 antea
1304 790 1372 840 ju-

242 842 428 890 dicatam,
458 842 704 903 maximeque
732 840 799 878 illo
824 840 924 878 libro
948 841 1140 892 augurali,
1171 855 1303 893 quem,
1322 844 1372 883 ad

244 909 308 935 me
327 896 588 934 amantissime
600 895 799 956 scriptum,
819 894 1092 933 suaussimum
1110 895 1262 935 misisti.

301 950 426 989 Mea
415 963 455 987 m
471 957 507 988 te
519 949 650 988 omnia
668 961 822 986 summa
836 949 1124 988 necessitudinis
1142 950 1266 989 officia
1283 964 1373 991 con-

248 1007 415 1044 stabunt.
447 1005 555 1042 Nam
574 1016 664 1041 cum
679 1010 716 1040 te
731 1003 877 1054 ipsum,
895 1016 942 1041 ex
962 1016 1040 1055 quo
1059 1011 1230 1055 tempore
1248 1014 1290 1043 tu
1309 1019 1374 1046 me

247 1060 405 1120 diligere
420 1058 578 1121 coepisti,
595 1056 765 1109 quotidie
782 1057 905 1109 pluris
923 1057 1020 1104 feci3
1041 1064 1128 1096 tum
1139 1069 1376 1100 accesserunt

249 1113 366 1153 etiam
402 1112 689 1162 conjunctiones
725 1111 1022 1150 necessariorum
1055 1119 1224 1151 tuorum.
1280 1114 1376 1155 Duo

248 1169 352 1206 enim
372 1167 538 1206 duarum
553 1174 711 1204 aetatum
725 1165 886 1217 plurimi
904 1165 1016 1214 facio,
1031 1165 1104 1205 Cn.
1126 1167 1377 1220 Pompeium,

250 1223 341 1260 filiae
360 1230 438 1260 tuae
456 1234 643 1267 socerum,
665 1228 702 1258 et
729 1220 793 1258 M.
809 1220 996 1268 Brutum,
1020 1233 1206 1272 generum
1234 1230 1349 1262 tuum
1363 1239 1375 1262 :

249 1276 478 1328 collegiique
493 1275 723 1325 conjunctio,
743 1274 953 1325 praesertim
974 1282 1055 1312 tam
1073 1275 1280 1316 honorifice
1298 1291 1321 1316 a
1340 1286 1378 1318 te

250 1332 476 1383 approbata,
498 1342 574 1367 non
593 1328 782 1367 mediocre
801 1328 1001 1366 vinculum
1022 1329 1120 1367 mihi
1143 1330 1300 1382 quidem
1320 1340 1378 1370 at-

250 1385 384 1423 tulisse
398 1385 548 1423 videtur
567 1383 617 1422 ad
630 1383 845 1421 voluntates
860 1390 1006 1421 nostras
1025 1384 1271 1435 copulandas.
1302 1386 1378 1425 Sed

251 1446 290 1478 et
301 1439 333 1477 si
353 1437 537 1479 Clodium
557 1450 779 1485 convenero,
796 1450 844 1475 ex
855 1436 961 1475 illius
976 1450 1150 1477 sermone
1167 1438 1217 1477 ad
1231 1447 1269 1477 te
1286 1441 1378 1479 scri-

200 1538 206 1541 ,
251 1494 344 1532 bam
368 1494 506 1545 plura:
538 1499 575 1531 et
606 1492 688 1543 ipse
714 1504 871 1553 operam
899 1491 1014 1540 dabo,
1035 1498 1073 1530 te
1096 1499 1142 1531 ut
1159 1505 1276 1545 quam
1297 1495 1378 1547 pri-

252 1560 364 1586 mum
389 1547 552 1586 videam.
593 1546 712 1595 Quod
744 1545 890 1593 scribis,
921 1545 992 1584 tibi
1019 1547 1202 1586 manendi
1219 1561 1375 1587 causam

250 1614 337 1640 eam
356 1601 486 1650 fuisse,
507 1609 552 1640 ut
576 1614 641 1639 me
667 1600 901 1649 convenires,
926 1600 967 1638 id
993 1600 1093 1640 1111111
1111 1603 1177 1646 (ne
1195 1603 1377 1653 mentiar)

252 1663 408 1708 gratum
426 1664 494 1696 est.
524 1656 637 1695 Vale.

322 1820 414 1873 (5.)
444 1820 505 1859 Μ.
525 1818 573 1859 Τ.
595 1817 644 1860 C.
671 1817 845 1858 APPIO
876 1816 1157 1858 PULCHRO
1189 1818 1229 1857 S.
1249 1817 1306 1857 D.

310 1931 635 1980 (Argumentum.
648 1927 857 1990 —Appio
879 1927 1019 1979 gratias
1041 1927 1134 1979 agit,
1155 1927 1262 1966 danti
1288 1941 1380 1990 ope-

254 1999 353 2048 ram,
373 1992 419 2022 ut
435 1983 664 2046 expeditam
689 1982 925 2036 provinciam
942 1981 1131 2020 traderet:
1161 1981 1298 2022 deinde
1315 1983 1379 2020 iti-

255 2041 356 2079 neris
374 2039 560 2078 rationem
579 2039 751 2092 exponit,
771 2044 816 2077 ut
832 2036 989 2090 Appius
1008 2036 1056 2075 de
1079 2048 1280 2088 congressu
1300 2043 1376 2075 sta-

257 2102 372 2142 tuat.)
