1501 2407
208 75 286 114 194
397 74 481 114 AD
510 71 812 113 mvmzsos,
843 71 946 112 ΜΒ.
968 71 1070 123 v11.
1094 75 1162 114 12.

205 184 354 230 consilii
377 183 564 231 dederim,
586 190 632 222 ut
649 197 674 222 a
691 182 852 235 singulis
871 182 1125 235 interregibus
1141 183 1253 222 binas
1265 182 1335 223 ad-

206 239 421 278 vocationes
436 239 643 291 postulent.
672 238 821 277 Satisne
839 237 912 276 tibi
925 237 1055 276 videor
1072 239 1140 276 abs
1153 244 1192 276 te
1205 239 1272 288 jus
1281 237 1336 277 ci-

207 294 282 332 vile
300 294 506 332 didicisse?
536 293 613 332 Sed
635 292 732 330 heus
758 300 817 340 tu,
846 291 942 343 quid
960 292 1069 344 agis?
1098 291 1236 344 ecquid
1253 293 1299 331 fit
1314 294 1333 332 Ρ

208 349 318 386 video
339 349 457 396 enim,
471 355 508 386 te
524 348 607 397 jam
617 347 737 396 jocari
755 360 822 398 per
840 347 980 385 literas.
1011 347 1110 385 Haec
1127 347 1237 398 signa
1253 359 1338 393 me÷

206 403 304 441 liora
321 411 426 452 sunt,
453 415 572 454 quarn
589 402 630 439 in
649 414 737 440 meo
762 401 998 440 Tusculano.
1045 400 1138 452 Sed,
1157 401 1254 454 quid
1270 401 1336 449 sit,

210 457 304 496 scire
319 458 445 509 cupio.
1336 497 1338 500 ,

266 512 427 550 Consuli
446 511 603 564 quidem
623 517 661 549 te
682 523 706 548 a
728 510 878 549 Caesare
906 509 1062 549 scribis:
1093 510 1160 549 sed
1178 523 1249 562 ego
1266 510 1340 551 tibi

211 569 260 606 ab
274 567 341 605 illo
360 567 507 605 consuli
522 565 693 603 mallem.
720 564 841 612 Quod
859 565 891 603 si
911 572 978 603 aut
995 564 1054 613 fit,
1074 572 1143 603 aut
1159 564 1339 604 futurum

213 629 341 673 putas,
361 621 486 673 perfer
505 621 619 661 istam
634 619 830 667 militiam,
851 626 889 657 et
907 632 1115 670 permane:
1146 632 1217 671 ego
1235 619 1348 660 enim.

214 676 445 714 desiderium
466 675 538 723 tui,
561 687 626 725 spe
648 682 806 712 tuorum
835 673 1142 722 commodorum,
1171 675 1343 713 consola-

215 733 310 769 bor:
342 730 400 768 sin
426 738 556 768 autem
576 729 649 766 ista
668 735 758 766 sunt
775 727 963 775 inaniora,
982 728 1107 779 recipe
1131 735 1170 767 te
1186 728 1237 767 ad
1261 741 1344 767 nos.

219 786 326 824 Nam
346 792 413 823 aut
441 784 512 822 erit
530 783 595 821 hic
614 782 762 834 aliquid
783 782 1017 833 aliquando3
1047 789 1129 831 aut,
1150 782 1183 821 si
1200 782 1347 831 minus,

219 852 299 877 una
320 837 575 890 (mehercule)
594 836 795 876 collocutio
812 845 944 875 nostra
960 837 1084 888 pluris
1114 837 1200 884 erit,
1229 849 1350 889 quam

221 907 356 932 onmes
375 891 665 932 Samarobrivae.
709 891 906 943 Denique,
926 891 960 929 si
987 891 1062 930 cito
1089 897 1128 929 te
1148 891 1349 938 retuleris3

222 961 347 987 sermo
366 947 497 985 nullus
525 946 620 994 erit:
652 946 683 985 si
711 946 857 984 diutius
884 946 1026 984 frustra
1049 945 1245 992 abfueris3
1274 958 1354 985 non

196 1017 199 1020 ·
223 1003 340 1041 modo
361 1001 587 1049 Laberium,
604 1001 671 1039 sed
689 1000 805 1038 etiam
825 1000 994 1039 sodalem
1012 1009 1187 1038 nostrum
1202 1000 1355 1039 Valeri-

226 1071 311 1105 um,
344 1056 580 1108 pertimescO.
619 1055 727 1093 Mira
750 1054 855 1093 enim
884 1067 1049 1107 persona
1075 1054 1209 1094 induci
1231 1061 1357 1108 potest
1420 1051 1424 1054 ’

227 1111 445 1152 Britannici
461 1109 726 1161 jureconsulti.

286 1166 384 1204 Haec
399 1179 470 1217 ego
490 1178 567 1203 nou
587 1164 707 1212 rideo,
729 1164 906 1216 quamvis
924 1171 967 1202 tu
987 1164 1134 1204 rideas:
1165 1164 1232 1203 sed
1252 1164 1301 1203 de
1318 1177 1360 1209 re

230 1218 466 1259 severissima
485 1228 627 1266 tecum,
644 1227 688 1258 ut
707 1219 824 1267 soleo,
841 1219 960 1268 jocor.
986 1219 1154 1258 Remoto
1167 1220 1269 1269 joco,
1289 1218 1361 1260 tibi

230 1276 304 1314 hoc
323 1274 554 1313 amicissimo
573 1274 702 1312 animo
716 1273 910 1325 praecipio,
926 1281 985 1323 ut,
1007 1273 1040 1312 si
1052 1273 1137 1312 istic
1155 1274 1242 1312 mea
1256 1287 1362 1312 com-

233 1329 480 1368 mendatione
494 1336 604 1366 tuam
624 1328 851 1379 dignitatem
871 1328 1075 1376 obtinebis,
1095 1327 1260 1380 perferas
1274 1341 1364 1367 nos-

232 1385 284 1422 tri
302 1383 548 1428 desiderium,
565 1383 802 1421 honestatem
823 1389 860 1420 et
878 1382 1079 1421 facultates
1104 1391 1191 1421 tuas
1208 1395 1362 1434 augeas-

233 1439 304 1478 Sin
323 1446 452 1476 autem
470 1438 544 1476 ista
561 1437 771 1488 frigebunt,
792 1437 950 1488 recipias
964 1444 1002 1475 te
1020 1437 1070 1475 ad
1087 1449 1167 1476 nos.
1215 1437 1363 1479 Omnia

235 1501 380 1540 tamen,
415 1506 502 1544 quae
533 1492 602 1539 xis,
628 1499 666 1530 et
695 1491 765 1530 tua
792 1491 931 1530 virtute
956 1491 1140 1543 profecto,
1171 1499 1210 1531 et
1235 1499 1363 1531 nostro

237 1559 392 1586 summo
412 1559 501 1598 erga
520 1554 556 1585 te
575 1545 715 1594 studio,
737 1547 980 1598 consequere.
1008 1545 1121 1585 Vale.

447 1707 564 1761 (12.)
596 1708 809 1749 CICERO
837 1707 1158 1748 TREBATIO.

299 1819 627 1868 (Argumentum.
644 1840 699 1847 -—
712 1817 818 1856 Per
803 1831 936 1867 jocum
955 1817 1125 1869 exagitat
1142 1816 1369 1870 Epicureos,

243 1881 282 1913 et
304 1873 433 1925 ipsum
453 1873 699 1921 Trebatium,
726 1885 844 1924 quem
869 1872 1109 1924 Epicureum
1126 1872 1274 1912 factum
1292 1886 1373 1913 esse

244 1929 375 1971 Pansa
393 1926 643 1977 narraverat)

303 2036 494 2082 Mirabar,
515 2035 611 2088 quid
636 2042 745 2085 esset,
766 2036 871 2088 quod
897 2043 940 2074 tu
958 2036 1058 2075 mihi
1076 2036 1205 2076 literas
1223 2008 1375 2077 mittere

247 2091 525 2130 intermisisses.
546 2090 736 2130 Indicavit
747 2091 846 2129 mihi
859 2091 987 2130 Pansa
1000 2104 1125 2138 meus,
1139 2091 1380 2143 Epicureum

251 2153 289 2184 te
303 2158 381 2184 esse
395 2145 554 2184 facturn.
588 2145 627 2185 O
640 2152 763 2184 castra
780 2145 964 2197 praeclara
982 2145 992 2183 ἱ
1023 2145 1133 2194 Quid
1151 2155 1195 2185 tu
1213 2146 1378 2196 fecisses,

253 2200 285 2238 si
304 2207 342 2238 te
367 2200 599 2249 Tarentum,
632 2208 668 2238 et
699 2212 776 2238 non
802 2200 1127 2250 Samarobrivam,
1158 2200 1379 2246 misissem?
