1501 2407
241 95 294 132 30
439 94 522 133 AD
551 91 1142 133 DIVERsos.L1n.1.1o.

240 202 352 249 (10.)
391 200 453 240 Μ.
478 202 532 240 Τ.
551 201 596 240 C.
623 203 666 240 S.
690 201 742 239 D.
772 201 821 238 L.
852 198 1131 249 VALERIO,
1163 199 1348 240 JURIS

628 254 950 294 CONSULTO.

291 363 613 413 (Argumentum.
629 385 680 392 —
697 363 804 401 Inter
831 363 935 412 jocos
959 361 1146 413 signifiat
1177 362 1347 410 Valerio,

237 430 276 454 se
302 418 384 466 ejus
406 418 559 455 nomine
578 418 624 455 P.
640 417 807 455 Lentulo
831 416 971 467 gratias
993 416 1136 467 egisse3
1167 429 1348 468 eumque,

239 478 282 508 ut
299 470 459 509 domum
479 471 619 521 redeat,
638 471 844 518 hortatur.)

294 577 378 618 Cur
395 578 497 617 enim
516 578 587 617 tibi
614 578 685 618 hoc
704 590 781 616 non
799 577 999 629 gratificer,
1019 577 1167 616 nescio:
1197 590 1353 629 praser-

240 632 311 670 tim
331 645 419 671 cum
438 633 497 670 his
515 633 750 684 temporibus
768 631 927 670 audacia
951 644 1020 683 pro
1038 631 1224 683 sapientia
1241 631 1354 670 liceat
1422 663 1429 671 ,

240 686 308 723 uti.
340 686 506 724 Lentulo
524 694 652 725 nostro
670 686 744 737 egi,
764 698 831 736 per
847 685 989 732 literas,
1009 693 1077 724 tuo
1095 685 1250 723 nomine
1266 698 1354 736 gra-

240 740 312 778 tias
330 740 539 800 diligenter.
570 740 644 779 Sed
658 747 701 777 tu
720 739 835 777 velim
846 739 995 777 desinas
1010 740 1093 788 jam
1110 739 1248 777 nostris
1265 739 1351 777 lite-

241 793 292 831 ris
312 794 382 839 uti,
404 801 441 832 et
464 806 533 832 nos
556 793 762 845 aliquando
783 793 951 838 revisas;
981 800 1019 831 et
1045 792 1101 831 ibi
1121 792 1234 830 malis
1258 805 1352 841 ωδε,

239 847 308 885 ubi
327 848 455 899 aliquo
484 860 644 886 numero
662 847 727 895 sis,
752 859 870 907 quam
888 846 986 894 istic,
1012 846 1080 884 ubi
1099 846 1202 884 solus
1225 858 1356 897 sapere

243 900 402 938 videare.
442 901 693 952 Quamquam
719 901 786 952 qui
809 899 921 938 istinc
950 899 1122 946 veniunt,
1148 899 1292 950 partim
1316 906 1356 938 te

243 955 450 1005 superbum
471 968 551 993 esse
568 955 714 1003 dicunt,
735 953 840 1005 quod
860 953 958 991 nihil
985 952 1237 1005 respondeas,
1266 966 1356 1015 par-

243 1008 311 1045 tim
332 1009 663 1055 contumeliosum,
679 1008 783 1059 quod
799 1008 902 1046 male
919 1006 1155 1058 respondeas.
1186 1006 1286 1045 Sed
1270 1019 1355 1056 Jam

241 1062 352 1112 cupio
371 1069 497 1100 tecum
517 1075 644 1101 coram
669 1062 799 1112 jocari.
829 1061 960 1108 Quare
977 1061 1052 1109 fac,
1075 1067 1121 1099 ut
1140 1073 1258 1112 quam
1276 1060 1357 1112 pri-

242 1128 351 1152 mum
376 1116 517 1164 venias,
542 1128 667 1168 neque
695 1116 735 1153 in
767 1115 957 1166 Apuliam
982 1123 1090 1153 tuam
1120 1114 1287 1160 accedas,
1310 1120 1357 1152 ut

241 1169 430 1219 possimus
449 1170 598 1208 salvum
621 1170 765 1208 venisse
786 1168 963 1221 gaudere.
993 1169 1115 1216 Nam,
1141 1168 1209 1206 illo
1235 1168 1268 1206 si
1292 1181 1358 1206 ve-

242 1223 355 1270 neris,
375 1232 586 1316 xtjtglnquam
621 1224 792 1276 myssa,
823 1235 1021 1274 cognosces
1051 1229 1208 1262 tuorum
1233 1221 1357 1262 nemi-

243 1288 345 1314 nem·
453 1291 485 1316 e·
