1481 2381
288 38 374 78 ΑΒ
396 20 700 78 'mvnnsos
732 36 832 75 ιω.
869 35 994 76 vm.
1025 38 1086 76 11.
1171 38 1250 77 235

127 146 170 184 in
186 146 268 187 istis
286 146 626 200 supplioetionibus
643 158 720 184 non
740 145 903 191 habere3
936 145 1097 196 Paulus,
1114 159 1153 185 se
1166 159 1249 186 om-

126 200 218 239 nino
235 201 277 240 in
294 202 399 240 hunc
417 213 563 240 annum
581 212 659 238 non
678 200 903 238 edicturum.

180 256 464 294 Renuntiatum
496 255 605 293 nobis
634 262 726 301 erat,
755 254 919 292 Hirrum
949 253 1092 293 diutius
1124 255 1248 294 dictu-

125 322 239 348 rum:
269 310 494 362 prendimus
524 321 612 347 eum
627 323 638 346 ε
668 321 746 346 11011
775 308 890 346 1110ᾱο
914 320 991 346 11011
1019 308 1132 355 fecit3
1163 310 1244 358 sed,

127 375 217 401 cum
235 364 283 402 de
313 364 486 403 hostibus
515 370 702 414 ageretur,
734 369 771 400 et
795 370 921 414 posset
945 375 1026 400 rem
1044 363 1244 415 impedire,

122 416 168 465 si,
181 424 226 455 ut
239 416 587 469 [numerarentur,]
603 417 823 469 postularet,
835 417 963 455 tacuit.
981 417 1155 455 Tantum
1169 417 1245 456 Ca-

121 471 203 509 toni
222 484 394 511 assensus
415 479 483 520 est,
497 472 578 523 qui,
596 479 632 510 et
651 471 698 509 de
712 479 749 509 te
767 471 916 509 locutus
930 471 1149 519 honorifice,
1166 483 1243 510 non

120 524 292 564 decrerat
311 526 615 578 supplicationes.
646 525 802 564 Tertius
820 524 868 562 ad
886 525 955 563 hos
974 525 1056 563 Fav
1058 526 1166 564 onius
1182 539 1243 564 ac-

121 579 242 618 cessit.
273 580 418 629 Quare,
439 593 508 632 pro
527 581 712 631 cujusque
731 577 867 617 natura
886 586 923 617 et
946 580 1134 627 instituto,
1155 593 1242 631 gra-

121 633 186 671 tiae
221 643 310 673 sunt
346 635 529 687 agendae·
573 633 646 682 his,
670 633 782 700 quod
820 640 966 671 tantam
1004 634 1242 672 voluntatem

109 688 390 735 'ostenderunt3
420 702 490 740 pro
519 688 718 736 sententia,
751 699 839 726 cum
864 687 1049 739 impedire
1071 695 1238 739 possent,

119 753 198 780 non
217 743 466 795 pugnarunt3
497 742 656 781 Curioni
674 755 775 787 vero,
800 741 905 792 quod
937 742 985 780 de
1003 755 1159 780 suarum
1177 755 1240 781 ac-

119 795 270 834 tionum
302 810 415 836 cursu
445 797 513 835 tua⁴
544 797 658 835 causa
687 796 852 834 deflexit-
882 796 924 834 N
927 809 990 834 am
1016 796 1184 835 Furnius
1205 804 1243 835 et

120 849 326 900 Lentulus,
346 858 390 890 ut
408 852 635 899 debuerunt,
661 850 771 902 quasi
790 862 920 888 eorum
940 863 999 888 res
1019 858 1127 898 esset,
1158 851 1240 890 una

119 904 318 943 nobiscum
337 905 605 944 circumierunt
631 913 667 944 et
685 903 919 943 laborarunt.
949 904 1066 943 Balbi
1086 918 1241 957 quoque

119 957 287 997 Cornelii
298 972 452 1011 operam
467 967 503 998 et
515 959 754 998 sedulitatem
765 958 922 996 laudare
935 971 1104 1010 possum.
1130 959 1170 997 N
1175 972 1239 998 am

108 1025 206 1051 cum
226 1013 393 1053 Curione
410 1014 652 1053 vehementer
669 1014 819 1051 locutus
831 1019 898 1060 est,
915 1020 952 1050 et
965 1025 1067 1062 eum,
1085 1013 1116 1051 si
1129 1013 1241 1052 aliter

114 1065 277 1115 fecisset,
306 1068 489 1118 injuriam
510 1067 650 1107 Caesari
676 1067 869 1105 facturum
887 1066 1009 1105 dixit·
1040 1074 1126 1106 tum
1155 1069 1237 1118 ejus

114 1120 262 1159 fidem
251 1134 291 1160 m
310 1123 563 1174 suspicionem
582 1121 756 1160 adduxit

171 1174 383 1214 Decrerant
410 1177 583 1228 quidem,
614 1175 683 1227 qui
710 1188 835 1227 neque
858 1175 1016 1237 transigi
1040 1175 1234 1223 volebant,

114 1227 295 1279 Domitii,
326 1230 544 1282 Scipiones,
581 1230 721 1282 quibus
747 1230 820 1268 hac
847 1243 887 1268 re
917 1230 965 1268 ad
1001 1230 1234 1269 intercessio-

109 1294 203 1322 nem
222 1285 452 1323 evocandam
471 1284 816 1336 interpellantibus,
837 1283 1100 1322 venustissime
1115 1284 1235 1322 Curio

112 1338 321 1389 respondit,
342 1352 381 1378 se
399 1352 443 1378 eo
457 1339 637 1378 libentius
649 1350 726 1376 non
738 1338 979 1385 intercedere,
997 1338 1100 1389 quod
1117 1352 1232 1390 quos-

111 1390 218 1441 dam,
239 1393 308 1444 qui
325 1393 578 1439 decernerent,
598 1392 742 1432 videret
760 1391 894 1431 confici
911 1392 1024 1431 nolle.

165 1445 285 1493 Quod
316 1447 366 1485 ad
393 1448 671 1499 rempublicam
694 1447 843 1494 attinet,
874 1446 915 1484 in
937 1459 1058 1484 unam
1077 1459 1232 1486 causam

108 1500 235 1539 omnis
252 1502 441 1540 contentio
459 1503 628 1551 conjecta
646 1509 716 1549 est,
736 1500 784 1539 de
801 1500 1029 1552 provinciis;
1058 1500 1099 1538 in
1113 1514 1230 1552 quam

111 1553 238 1593 adhuc
254 1554 472 1595 incubuisse
489 1568 578 1595 cum
597 1563 731 1594 senatu
756 1555 965 1606 Pompeius
993 1555 1156 1616 videtur,
1187 1563 1233 1594 ut

112 1607 241 1647 Caesar
272 1609 334 1649 Id.
369 1610 562 1649 Novemb.
593 1609 760 1648 decedat.
800 1608 917 1647 Curio
945 1609 1076 1647 omnia
1104 1609 1232 1660 potius

109 1662 237 1702 subire
254 1664 462 1712 constituit,
489 1676 607 1716 quam
625 1664 666 1702 id
683 1663 788 1716 pati·
819 1669 971 1702 caeteras
989 1677 1076 1702 suas
1095 1664 1233 1713 abjecit

109 1715 288 1756 actiones.
312 1718 446 1757 Nostri
463 1731 590 1770 porro,
625 1731 720 1770 quos
749 1725 792 1755 tu
820 1718 918 1756 bene
935 1718 1050 1766 nosti,
1085 1717 1134 1756 ad
1164 1731 1232 1756 ex-

108 1777 275 1810 tremum
295 1779 485 1811 certamen
503 1785 585 1811 rem
604 1772 788 1811 deducere
805 1783 882 1809 non
901 1771 1056 1810 audent.

164 1825 286 1864 Scena
301 1827 357 1865 rei
374 1826 490 1865 totius
507 1826 613 1865 haec:
644 1825 866 1878 Pompeius,
885 1833 1087 1878 tamquam
1101 1825 1229 1865 Caesa-

105 1891 188 1918 rem
206 1891 284 1918 non
302 1879 517 1933 impugnet,
538 1880 617 1929 sed,
637 1880 741 1932 quod
757 1879 816 1918 illi
830 1893 985 1931 aequum
999 1887 1122 1932 putet,
1138 1892 1228 1918 con-

105 1934 253 1982 stituat,
268 1934 321 1972 ait
332 1935 539 1974 Curionem
553 1948 722 1987 quaerere
732 1934 945 1973 discordias.
958 1935 1084 1973 Valde
1096 1944 1226 1972 autem

107 2000 186 2026 non
204 1988 302 2037 vult,
329 1996 367 2028 et
394 1990 508 2042 plane
532 1990 656 2035 timet,
678 1988 867 2028 Caesarem
886 1989 1081 2027 consulem
1100 1987 1227 2038 desig-

109 2042 193 2080 nari
209 2041 330 2093 prius,
351 2056 469 2096 quam
488 2043 697 2082 exercitum
712 2050 749 2082 et
762 2043 996 2095 provinciam
1016 2042 1224 2081 tradiderit.

112 2095 313 2148 Accipitur
330 2097 420 2138 satis
437 2099 538 2137 male
557 2112 580 2136 a
594 2098 787 2144 Curione;
817 2104 855 2135 et
872 2104 974 2136 totus
992 2098 1076 2148 ejus
1093 2107 1225 2135 secun-

95 2150 182 2190 -dus
199 2151 423 2197 consulatus
431 2152 661 2205 exagitatur.
706 2152 793 2192 Hoc
810 2152 879 2192 tibi
906 2151 1013 2191 dico.
1043 2152 1077 2190 si
1101 2149 1228 2190 omni-
