1501 2407
266 98 318 135 62
479 97 563 136 AD
582 96 881 137 DIVERSOS.
913 99 1013 137 LIB.
1035 95 1115 135 111.
1136 97 1174 135 6.

263 206 423 245 Clodius
440 215 568 246 noster
587 206 764 258 Corcyrae
782 206 953 254 dixisset,
973 207 1134 245 minime
1147 205 1189 244 id
1202 216 1281 243 esse
1299 203 1391 242 faci-

262 261 407 299 endum
424 275 435 299 ε
464 269 503 300 10
517 262 718 300 Laodiceae
735 261 816 300 fore
830 261 880 299 ad
893 274 1026 299 meum
1041 261 1263 299 adventum.
1292 259 1390 296 Erat

261 314 302 352 id
330 315 428 354 mihi
455 317 579 354 multo
597 316 764 362 brevius,
785 316 987 368 multoque
1014 313 1267 361 commodius,
1298 325 1388 351 cum

261 370 472 420 praesertim
490 377 528 409 te
545 370 600 408 ita
618 370 735 408 1113110
763 370 976 408 arbitrarer.
1019 369 1112 407 Tua
1137 368 1234 406 ratio
1257 373 1388 418 postea

260 431 318 462 oet
337 432 583 463 commutata.
633 424 765 471 Nunc,
786 424 882 475 quid
898 424 980 462 fieri
997 423 1130 476 possit,
1144 430 1189 460 tu
1206 420 1389 460 facillime

261 486 416 517 statues.
441 478 529 530 Ego
544 479 615 517 tibi
633 491 767 517 meum
781 478 985 517 consilium
1000 489 1205 529 exponam.

315 533 443 585 Prope
469 533 552 572 Cal.
583 533 744 572 Sextiles
762 540 857 594 puto
877 545 940 571 me
968 532 1169 571 Laodiceae
1198 530 1304 569 fore:
1333 528 1389 568 ibi

259 600 469 639 perpaucos
488 588 581 634 dies,
603 587 699 625 dum
717 587 879 638 pecunia
896 587 1094 638 accipitur,
1124 598 1213 637 quae
1231 584 1330 622 1111111
1342 595 1390 621 ex

259 642 417 703 publiea
434 642 715 693 permutatione
734 641 907 689 debetur,
924 642 1200 680 commorabor.
1238 637 1392 677 Deinde

259 696 332 734 iter
349 696 489 735 faciam
508 696 557 734 ad
576 696 801 744 exercitum,
822 703 867 733 ut
885 695 1030 734 circiter
1046 694 1142 733 Idus
1161 693 1296 733 Sextil.
1315 705 1390 744 pu-

261 757 340 789 tem
360 763 423 789 me
442 750 491 789 ad
512 750 689 788 Iconium
700 750 792 788 fore.
822 749 912 796 Sed
929 749 961 787 si
976 749 1071 800 quid
1089 760 1193 786 nunc
1207 760 1271 786 me
1288 745 1390 786 fallit

261 804 303 842 in
333 804 530 843 scribendo
556 804 707 856 (procul
737 804 842 842 enim
860 805 1016 842 aberam
1045 804 1093 841 ab
1122 816 1164 840 re
1188 801 1288 853 ipsa,
1309 808 1347 840 et
1365 813 1389 838 a

260 852 384 907 10015),
401 858 518 897 51111111
537 872 580 896 30
598 857 776 910 progredi
790 870 951 909 coepero,
968 870 1088 909 quam
1107 856 1302 896 celerrime
1319 867 1390 907 po-

262 921 357 974 tero,
379 921 416 951 et
434 926 552 974 quam
573 911 808 951 creberrimis
826 912 959 959 literis,
986 911 1125 950 faciam
1144 917 1189 949 ut
1207 909 1278 949 tibi
1295 916 1389 948 nota

262 967 310 1005 sit
341 967 466 1005 omnis
503 967 600 1005 ratio
643 965 795 1004 dierum
832 973 948 1018 atque
982 965 1166 1004 itinerum
1199 977 1392 1003 meorum.

263 1020 404 1059 Oneris
419 1021 510 1060 tibi
501 1033 697 1072 imponere
708 1032 778 1059 1100
791 1020 914 1058 audeo
926 1020 1155 1072 quidquam,
1169 1031 1239 1058 nec
1256 1018 1391 1057 debeo.

263 1075 353 1121 Sed,
375 1075 479 1127 quod
499 1083 564 1113 tuo
587 1075 790 1113 commodo
817 1075 899 1113 fieri
926 1074 1061 1126 possit,
1082 1074 1283 1126 utriusque
1302 1085 1389 1110 nos-

262 1135 365 1167 trum
385 1130 518 1181 magni
535 1129 704 1177 interest,
725 1136 770 1167 ut
788 1136 826 1167 te
854 1129 1005 1168 videam
1027 1136 1118 1167 ante
1141 1140 1262 1180 quam
1280 1127 1390 1165 dece-

263 1184 342 1222 das.
384 1185 519 1231 Quam
546 1183 768 1222 facultatem
788 1183 820 1221 si
839 1183 926 1234 quis
944 1196 1052 1221 casus
1080 1182 1275 1233 eripuerit,
1302 1193 1390 1220 moe

262 1246 392 1276 tamen
410 1238 452 1275 111
471 1247 508 1276 10
526 1238 657 1276 01111113
675 1237 799 1276 officia
815 1239 1058 1285 constabunt,
1078 1248 1156 1274 non
1175 1249 1284 1274 secus
1301 1248 1345 1274 ac
1359 1235 1392 1274 si

261 1300 299 1330 te
324 1292 514 1330 vidissem.
556 1292 651 1330 Tibi
675 1291 724 1330 de
753 1291 891 1329 nostris
915 1293 1030 1329 rebus
1059 1290 1158 1328 nihil
1182 1303 1272 1329 sum
1300 1297 1391 1329 ante

261 1346 514 1384 mandaturus
526 1359 594 1397 per
607 1346 748 1392 literas,
763 1357 881 1397 quam
897 1345 1098 1396 desperaro
1113 1357 1242 1382 coram
1252 1356 1317 1382 me
1333 1350 1389 1383 10-

262 1413 352 1438 011111
371 1413 482 1451 agere
499 1413 620 1452 posse.
662 1399 781 1448 Quod
811 1407 848 1437 te
867 1412 890 1437 a
915 1397 1084 1438 Scaevola
1107 1398 1261 1450 petiisse
1278 1397 1388 1445 dicis,

261 1464 319 1502 ut,
336 1454 431 1492 dum
450 1462 494 1492 tu
509 1457 670 1502 abesses,
690 1460 778 1492 ante
792 1453 1000 1492 adventum
1019 1466 1168 1501 meum,
1184 1451 1390 1505 provinciae

261 1516 462 1560 praeesset;
493 1522 550 1547 eu
545 1521 582 1545 11
602 1521 672 1559 ego
691 1507 839 1559 Ephesi
857 1507 961 1546 vidi.
992 1507 1144 1559 fuitque
1161 1519 1317 1546 mecum
1330 1506 1389 1545 fa-

261 1562 461 1601 miliariter
474 1563 649 1601 triduum
667 1561 781 1610 fflud,
802 1561 908 1613 quod
926 1575 997 1613 ego
1011 1561 1159 1613 Ephesi
1177 1573 1390 1600 commora-

262 1623 325 1655 tus
344 1629 456 1655 sum:
486 1630 556 1655 nec
576 1630 623 1655 ex
639 1629 682 1655 eo
701 1615 917 1668 quidquam
935 1615 1080 1664 audivi,
1101 1615 1206 1677 quod
1220 1615 1293 1654 sibi
1310 1629 1334 1654 a
1351 1622 1390 1654 te

261 1670 491 1708 mandatum
521 1671 672 1709 diceret.
713 1671 813 1709 Sane
842 1671 982 1709 vellem
1013 1670 1198 1722 potuisset
1228 1669 1389 1721 obsequi

263 1725 454 1763 voluntati
471 1732 574 1763 tuae:
604 1738 681 1764 non
703 1724 807 1763 enim
823 1724 988 1764 arbitror
1005 1723 1181 1763 noluisse.
1211 1723 1326 1763 Vale.

345 1910 434 1962 (6.)
463 1910 525 1950 Μ.
544 1909 594 1950 Τ.
616 1909 662 1950 C.
693 1909 868 1951 APPIO
897 1907 1179 1949 PULCHRO
1210 1907 1249 1946 S.
1266 1906 1322 1945 D.

319 2041 646 2092 (Argumentum
651 2061 699 2070 —
714 2039 910 2088 Ostendit,
939 2050 1184 2100 congressum
1211 2051 1235 2076 a
1253 2049 1294 2075 se
1321 2049 1390 2075 ex-

265 2096 446 2148 petitum,
466 2098 515 2135 ab
533 2095 668 2158 Appio
698 2095 887 2134 vitatum:
920 2107 961 2132 se
989 2092 1167 2133 tamenei
1189 2092 1269 2130 fore
1291 2090 1390 2129 arni·

266 2150 487 2190 cissimum·
519 2151 587 2212 qui
617 2156 662 2188 ut
687 2150 817 2188 locum
845 2148 1065 2194 constituat,
1091 2147 1160 2187 ubi
1191 2144 1391 2186 convenire

267 2204 427 2256 possint,
444 2205 504 2244 sui
521 2204 666 2245 itineris
679 2203 876 2244 certiorem
893 2201 1019 2249 facit.)
