1501 2407
198 110 278 149 134
404 111 490 151 AD
518 110 829 152 DIVERSOS.
862 111 960 150 Lm.
981 110 1035 150 V.
1069 110 1133 149 15.

268 219 312 260 Si
335 221 453 270 vales,
485 223 583 261 bene
612 228 696 261 est.
727 221 851 270 valeo,
880 219 980 259 sicut
1017 220 1144 266 soleo3
1173 219 1335 271 paululo

204 282 337 314 tamen
357 276 474 315 etiam
492 276 673 325 deterius,
692 289 814 338 quam
843 276 957 314 50100.
985 274 1048 313 Te
1066 273 1248 327 requisivi
1266 287 1335 313 sae-

201 329 291 382 pius
314 336 360 368 ut
373 329 555 370 viderem.
586 332 727 370 Romae
738 330 831 383 quia
841 338 973 383 postae.
985 342 1064 367 non
1077 328 1200 374 fuisti,
1213 341 1334 390 quam

200 383 437 434 discesseras,
463 385 627 425 miratus
658 399 772 432 sum;
808 384 913 437 quod
941 385 1037 423 item
1065 394 1170 422 nunc
1200 383 1333 422 miror.

201 439 296 478 Non
315 439 438 478 habeo
458 448 619 488 certum,
640 453 729 493 quae
743 447 851 478 teres
861 439 953 478 hinc
964 438 1136 477 maxime
1153 437 1334 476 retrahat.

206 493 250 532 Si
271 493 476 534 solitudine
494 495 695 543 delectare,
715 508 807 534 cum
834 494 988 542 scribas,
1020 500 1058 532 et
1082 491 1232 545 aliquid
1245 504 1338 543 agas

206 561 356 596 eorum,
377 563 545 602 quorum
560 550 764 598 consuesti,
785 548 958 601 gaudeo·
988 560 1116 600 neque
1133 546 1339 609 reprehen-

207 602 258 642 do
283 611 399 642 tuum
418 604 646 643 consilium.
677 617 770 642 nam
788 603 888 642 nihil
912 603 986 642 isto
1013 608 1138 654 potest
1167 614 1247 640 esse
1273 601 1343 651 ju-

208 657 387 707 cundius,
408 671 486 697 non
505 659 622 698 modo
640 658 861 697 miserishis
879 657 1118 709 temporibus
1136 663 1175 694 et
1190 656 1343 694 luctuo-

211 711 277 759 sis,
299 712 366 751 sed
387 713 504 752 etiam
533 713 752 766 tranquillis
779 720 816 751 et
846 712 1012 764 optatis3
1041 710 1255 763 prasertim
1280 710 1344 748 vel

210 766 341 805 animo
360 767 568 819 defatigato
587 775 670 816 tuo,
691 767 760 820 qui
778 778 882 805 nunc
904 766 1117 817 requietem
1129 771 1277 817 quaerat
1294 776 1343 802 ex

211 821 364 873 magnis
392 822 730 873 occupationibus3
762 822 822 860 vel
841 820 1004 868 erudito,
1019 820 1088 872 qui
1106 832 1256 871 semper
1274 818 1346 857 ali-

212 876 308 926 quid
327 889 376 914 ex
395 889 434 914 se
452 884 619 928 promat,
641 876 747 929 quod
765 875 860 915 alios
877 874 1082 923 delectet,
1070 886 1202 926 lpsum
1217 872 1346 912 laudi-

214 930 288 968 bus
307 930 484 969 illustret.

269 984 339 1024 Sin
351 992 496 1034 autem,
511 985 609 1024 sicut
620 985 687 1024 hic
705 984 802 1023 dum
817 997 913 1032 eras,
928 982 1109 1036 lacrymis
1123 995 1167 1022 ac
1185 981 1349 1022 tristitiae

215 1046 253 1077 te
268 1039 472 1087 tradidisti,
492 1039 617 1088 doleo,
638 1039 730 1092 quia
749 1039 854 1078 doles
872 1047 910 1078 et
923 1051 1088 1090 angere:
1109 1050 1179 1077 nec
1189 1049 1348 1089 possum

218 1100 256 1132 te
274 1105 352 1132 non
373 1096 423 1138 (si
442 1094 630 1142 concedis,
660 1093 766 1147 quod
785 1094 987 1140 sentimus,
1007 1100 1053 1132 ut
1070 1093 1229 1131 liberius
1247 1091 1351 1131 dica-

218 1156 324 1196 mus)
345 1162 533 1188 accusare.
579 1149 691 1198 Quid
720 1148 849 1188 enim.
839 1151 857 1177 ⁹
897 1154 941 1186 tu
972 1148 1075 1187 solus
1105 1154 1238 1199 aperta
1272 1158 1351 1186 non

219 1202 381 1251 videbis,
400 1204 469 1256 qui
486 1211 643 1256 propter
665 1215 829 1242 acumen
854 1202 1113 1242 occultissima
1138 1201 1352 1254 perspicis?

221 1264 266 1296 tu
288 1270 367 1297 non
392 1259 597 1310 intelliges,
618 1266 656 1297 te
675 1257 839 1310 querelis
868 1256 1102 1309 quotidianis
1120 1256 1220 1294 nihil
1237 1255 1356 1308 profi

221 1315 339 1352 cere?
368 1325 447 1352 non
460 1313 650 1364 intelliges
666 1311 854 1365 duplioeri
865 1311 1155 1362 sollicitudines,
1171 1323 1268 1363 quas
1280 1311 1357 1350 ele-

223 1379 316 1406 vare
336 1365 394 1419 [te
412 1368 500 1420 tua]
522 1367 730 1420 prudentia
746 1366 945 1420 postulat?

277 1421 398 1470 Quod
417 1422 448 1460 si
463 1434 541 1461 non
559 1435 765 1474 possumus
783 1421 932 1473 aliquid
943 1421 1126 1483 proficere
1145 1419 1357 1468 suadendo,

224 1476 349 1527 gratia
365 1477 646 1525 contendimus,
667 1484 705 1515 et
722 1476 908 1528 rogando,
928 1476 962 1515 si
980 1475 1076 1528 quid
1093 1475 1226 1514 nostra
1244 1475 1359 1514 musa

223 1529 295 1579 viS,
315 1539 361 1570 ut
378 1531 460 1570 istis
481 1539 519 1570 te
553 1505 737 1570 molestiis
754 1531 876 1578 laxes,
897 1538 936 1569 et
959 1530 1011 1569 ad
1035 1530 1254 1569 convictum
1272 1542 1361 1569 nos-

225 1592 333 1623 trum
351 1585 497 1634 redeas,
519 1593 556 1625 et
575 1585 625 1625 ad
644 1559 961 1624 consuetudinem
986 1584 1048 1624 vel
1066 1592 1238 1623 nostram
1256 1596 1362 1624 com-

225 1651 402 1688 munem,
433 1640 496 1679 vel
522 1648 633 1679 tuam
663 1640 781 1679 solius
807 1653 852 1679 ac
876 1639 1086 1692 propriam.
1130 1638 1259 1692 Cupio
1282 1651 1362 1678 non

224 1695 439 1734 obtundere
467 1701 520 1744 te,
544 1695 576 1734 si
607 1706 698 1733 non·
712 1694 900 1734 delectare
917 1701 1048 1734 nostro
1067 1693 1219 1733 studio:
1249 1693 1365 1746 cupio

228 1748 432 1798 deterrere,
452 1762 501 1788 ne
518 1762 744 1802 permaneas
757 1749 799 1788 in
817 1749 985 1802 incepto,
1004 1761 1095 1788 cum
1106 1748 1195 1787 duae
1213 1761 1272 1787 res
1282 1747 1367 1787 istae

230 1804 430 1843 contrariae
448 1817 512 1843 me
531 1805 784 1843 conturbent:
816 1816 865 1842 ex
893 1803 1051 1856 quibus,
1077 1810 1146 1842 aut
1173 1802 1215 1840 in
1245 1802 1366 1842 altera

228 1858 329 1896 mihi
346 1858 464 1897 velim
492 1858 543 1902 (si
567 1865 694 1911 potes)
720 1860 976 1911 obtemperes,
997 1864 1066 1897 aut
1084 1857 1126 1897 in
1146 1857 1272 1897 altera
1289 1869 1367 1896 non

230 1912 415 1953 offendas.
443 1913 557 1953 vale.

286 2078 404 2132 (15.)
433 2078 497 2120 M.
517 2077 733 2120 CICERO
763 2078 813 2119 L.
840 2076 1112 2128 LUCCEIO,
1133 2075 1187 2127 Q.
1211 2075 1258 2116 F.
1272 2076 1314 2116 S.

317 2187 649 2239 (Argumentum.
674 2211 729 2222 —
750 2186 975 2240 Respondet
1007 2184 1194 2239 superiori
1232 2183 1373 2236 episto-

233 2239 296 2292 lae>
315 2240 447 2296 lugere
467 2255 521 2295 ⁵27
540 2254 618 2284 non
640 2248 722 2285 tam
745 2242 836 2286 filiae
857 2242 1022 2293 obitum,
1040 2253 1160 2294 quam
1188 2237 1374 2291 reipubli-
