1501 2407
282 93 367 133 AD
395 93 694 134 DIVERSOS.
726 94 826 133 Lm.
856 94 982 134 VIII.
1013 98 1052 134 5.
1154 96 1236 135 223

173 201 268 251 Qua
293 209 337 241 tu
363 201 453 241 cur&
479 203 545 251 sis,
577 202 682 254 quod
706 202 755 241 ad
779 215 915 255 pacem
940 203 1144 255 provinciae
1168 210 1246 243 tuae

118 258 448 308 finitimarumque
477 257 679 308 regionum
703 257 852 304 attinet,
882 258 1008 296 nescio
1023 272 1032 295 :
1064 271 1134 309 ego
1160 258 1247 310 qui-

119 312 210 351 dem
228 311 472 350 vehementer
490 311 610 348 animi
636 311 796 362 pendeo.
827 312 948 359 Nam,
966 312 998 349 si
1015 312 1087 350 hoc
1114 312 1247 350 mode-

120 365 197 404 rari
214 378 426 416 possemus,
439 372 498 413 ut,
518 378 588 416 pro
603 365 748 403 viribus
763 366 958 417 copiarum
971 373 1142 412 tuarum,
1158 367 1251 404 belli

120 432 277 471 quoque
289 419 483 457 exsisteret
498 419 737 470 magnitudo,
753 427 803 466 et,
821 429 1010 471 quantum
1030 420 1160 470 gloriae
1180 421 1249 458 tri-

121 473 346 525 umphoque
365 486 462 524 opus
481 481 590 521 esset,
605 486 906 534 assequeremur,
921 474 1253 525 periculosamque

120 535 159 566 et
177 540 332 578 gravem
351 527 460 564 illam
475 527 642 565 dimica
619 539 759 565 10nem
772 541 816 565 ev
818 528 1027 573 itarenius;
1058 527 1154 565 nihil
1171 536 1250 566 tam

123 588 220 620 esset
256 581 482 633 optandum.
513 581 632 619 Nunc
663 581 694 619 si
728 582 896 620 Parthus
928 589 1058 620 movet
1089 582 1249 633 aliquid,

123 635 215 683 seio,
238 647 316 673 non
334 635 564 674 mediocrem
585 635 665 674 fore
694 636 974 674 contentionem
991 651 1001 674 2
1034 644 1123 674 tuus
1141 649 1255 687 porro

124 689 310 730 exercitus
323 689 389 728 vix
408 702 533 727 unum
550 690 691 727 saltum
709 690 809 727 tueri
828 698 964 741 potest.
995 690 1110 728 Hanc
1122 697 1253 728 autem

123 756 239 782 nemo
258 743 364 782 ducit
382 744 568 781 rationem
588 758 597 781 z
630 743 695 782 sed
714 744 845 781 omnia
859 744 1119 782 desiderantur
1131 746 1178 782 ab
1192 757 1250 793 eo,

128 800 348 850 (tamquam
379 797 478 835 nihil
508 797 738 848 denegatum
765 798 813 835 sit
839 798 887 846 ei,
908 798 1114 850 quominus
1134 811 1254 850 quam

125 851 390 905 paratissimus
420 850 532 902 esset)
565 852 635 904 qui
663 851 819 904 publico
847 853 999 904 negotio
1028 853 1255 904 praepositus

126 913 194 946 est.

180 959 343 999 Accedit
360 959 451 1007 huc,
472 959 576 1011 quod
597 960 871 999 successionem
889 960 1078 1009 futuram,
1098 967 1254 1012 propter

131 1015 349 1054 Galliarum
369 1015 674 1063 controversiam,
691 1027 769 1053 non
783 1015 905 1053 video.
936 1015 1110 1053 Tametsi
1124 1015 1196 1052 hac
1208 1014 1255 1052 de

130 1083 171 1108 re
189 1077 284 1120 puto
303 1076 341 1106 te
360 1069 624 1116 constitutum,
646 1069 929 1120 quidfacturus
955 1083 1066 1116 esses,
1086 1069 1253 1113 habere;

131 1131 276 1171 tamen,
303 1135 381 1174 quo
410 1123 599 1161 maturius
623 1123 883 1170 constitueres,
912 1136 1000 1162 cum
1020 1123 1124 1161 hunc
1144 1135 1256 1161 even-

131 1185 219 1216 tum
235 1176 498 1228 providebam,
515 1177 640 1215 visum
661 1185 730 1225 est,
750 1184 795 1215 ut
813 1185 851 1215 te
869 1177 1033 1217 facerem
1049 1177 1257 1215 certiorem.

132 1231 250 1270 Nosti
280 1230 384 1269 enim
412 1231 493 1269 haec
519 1231 730 1269 tralaticia:
761 1231 809 1268 de
833 1231 956 1269 Gallis
980 1231 1253 1269 constituetur:

133 1286 218 1333 erit,
249 1284 318 1336 qui
346 1284 576 1323 intercedat:
607 1284 745 1323 deinde
765 1285 863 1323 alius
883 1285 1049 1333 exsistet,
1079 1285 1161 1336 qui,
1183 1285 1257 1322 nisi

133 1339 251 1378 libere
268 1338 379 1377 liceat
397 1338 445 1376 de
458 1339 638 1377 omnibus
655 1339 860 1390 provinciis
879 1339 1076 1377 decernere
1094 1339 1257 1386 senatui,

134 1393 301 1444 reliquas
322 1393 518 1443 impediat.
551 1393 612 1431 Sic
626 1394 798 1431 multum
813 1406 856 1431 ac
875 1393 943 1431 diu
961 1394 1130 1441 ludetur,
1143 1400 1260 1444 atque

132 1447 188 1486 ita
205 1447 286 1494 diu,
307 1454 351 1484 ut
370 1447 458 1498 plus
477 1447 675 1486 biennium
694 1447 736 1488 in
753 1447 813 1487 his
831 1447 932 1488 tricis
950 1455 1132 1486 moretur.

190 1501 233 1540 Si
251 1501 346 1553 quid
356 1498 447 1539 nevi
460 1501 507 1539 de
519 1515 559 1539 re
574 1501 743 1553 publice,
761 1501 865 1552 quod
877 1501 946 1540 tibi
959 1502 1174 1548 scriberem,
1189 1501 1260 1539 ha-

136 1557 282 1602 berem,
295 1568 387 1593 usus
398 1568 519 1594 essem
530 1568 618 1594 mea
630 1567 718 1593 cons
720 1555 917 1603 uetudine,
932 1562 977 1593 ut
991 1555 1206 1606 diligenter,
1223 1563 1260 1593 et

136 1610 233 1661 quid
244 1617 371 1651 actum
384 1617 494 1656 esset,
507 1618 544 1648 et
555 1609 650 1661 quid
662 1622 710 1647 ex
718 1622 762 1647 eo
769 1609 945 1647 futurum
958 1621 1162 1660 sperarem,
1172 1623 1259 1661 per-

139 1663 353 1704 scriberem.
368 1664 468 1702 Sane
478 1671 678 1715 tamquam
690 1662 730 1700 in
743 1663 912 1713 quodam
923 1663 1051 1701 incili
1036 1676 1118 1724 jam
1130 1663 1261 1702 omnia

140 1717 394 1756 adhaeserunt.
406 1717 451 1757 M
457 1718 617 1756 arcellus
628 1717 731 1755 idem
742 1716 841 1754 fflud
853 1717 900 1755 de
910 1717 1114 1778 provinciis
1126 1724 1258 1768 urget;

141 1784 266 1823 neque
273 1771 398 1810 adhuc
405 1771 646 1824 frequentem
653 1777 828 1809 senatum
841 1770 984 1810 efficere
990 1771 1125 1822 potuit.
1143 1771 1262 1833 Quod

141 1826 187 1874 si,
210 1825 330 1874 [anno
356 1826 561 1887 praeterito,
583 1825 701 1864 Curio
728 1825 919 1873 tribunus,
947 1833 984 1864 et
1012 1825 1144 1863 eadem
1163 1825 1261 1863 actio

144 1880 192 1919 de
210 1879 412 1930 provinciis
429 1879 598 1917 introivit
611 1881 646 1931 ς]
679 1892 798 1930 quam
816 1879 926 1918 facile
943 1892 1047 1918 nunc
1065 1880 1114 1917 sit
1132 1879 1262 1917 omnia

142 1933 341 1984 impedire,
362 1941 399 1972 et
416 1947 535 1985 quam
559 1934 632 1972 hoe
651 1933 806 1980 Caesari,
837 1933 905 1985 qui
930 1947 1000 1972 5113
1029 1946 1142 1972 causa
1161 1945 1263 1972 rem-

139 1987 338 2040 publicam
355 1999 434 2027 non
452 1995 571 2038 curet,
592 1994 756 2039 superet,
773 1999 850 2027 non
868 1996 906 2027 te
923 1988 1035 2027 fallit.
1063 1987 1174 2027 Vale.
