1481 2381
298 66 382 112 AD
410 71 709 115 DIVERSOS·
737 72 837 113 LIB·
858 73 984 113 VIII.
1020 74 1080 112 13.
1171 72 1251 117 237

131 181 362 222 alienissimo
396 183 508 232 mihi,
540 190 577 222 et
604 190 760 235 propter
788 182 996 221 amicitiam
1027 189 1135 221 tuam
1173 194 1251 220 non

131 237 362 289 aequissimo,
393 249 457 275 me
480 237 662 289 obligare,
681 250 799 288 quam
822 237 926 274 illius
953 236 1073 275 simiae
1097 236 1251 275 vultum

130 291 269 330 subire.
306 290 355 329 Id
374 300 580 353 postquam
608 292 746 340 resciit,
777 290 989 339 incanduit,
1014 299 1051 329 et
1072 304 1136 328 me
1161 303 1252 328 cau-

131 358 214 383 sam
239 345 526 384 inimicitiarum
556 359 702 407 quaerer
685 359 724 384 e
753 345 975 393 clamitant,
1007 354 1066 394 ut,
1099 345 1129 383 si
1153 344 1254 382 mihi

129 399 172 437 in
199 400 363 450 pecunia
384 399 514 438 minus
537 411 592 437 sat
594 400 625 437 15
626 400 785 447 fecisset,
804 413 872 450 per
889 399 989 438 hanc
1018 399 1182 451 5110010111
1202 398 1252 437 51-

129 453 302 491 multatis
321 466 410 491 eum
430 461 671 492 consectarer.
711 454 850 492 Postea
873 465 950 491 non
969 453 1113 491 destitit
1130 465 1252 490 arces-

131 519 212 546 sere
232 508 369 545 Polam
389 508 579 557 Servium,
600 517 870 556 accusatorem,
890 508 985 545 inire
1004 520 1093 545 cum
1112 506 1253 545 Domi-

131 561 186 599 tio
200 562 366 600 consilia.
409 562 563 609 Quibus
584 575 674 601 cum
695 575 834 614 parum
853 561 1085 613 procederet,
1106 568 1150 598 ut
1169 561 1253 598 11113

130 616 216 667 lege
233 616 331 654 mihi
355 624 538 668 ponerent
560 625 831 665 accusatorem,
858 615 1080 667 compellari
1105 615 1153 654 ea.
1168 616 1255 667 lege

131 682 196 708 me
213 671 429 717 voluerunt,
451 671 530 722 qua
547 671 671 709 dicere
687 683 764 709 non
783 677 969 722 poterant.

187 724 483 763 Insolentissimi
500 724 688 773 homines,
709 725 871 762 summis
891 723 1132 763 Circensibus
1150 722 1256 762 ludis

131 778 241 826 meis,
271 779 547 830 postulandum
575 792 639 817 me
662 780 747 830 lege
774 778 967 818 Scantinia
995 785 1140 817 curant.
1171 777 1253 816 Vix

130 832 203 871 hoc
221 841 301 871 erat
320 834 416 872 Pola
444 834 628 882 elocutus,
655 846 744 871 cum
768 845 837 884 ego
855 833 1035 885 Appium
1057 844 1254 871 censorem

133 886 268 925 eadem
293 887 377 939 lege
405 888 607 939 postulavi.
651 887 770 936 Quod
799 887 938 925 melius
967 886 1129 935 caderet,
1154 885 1255 924 nihil

133 941 224 979 vidi.
253 941 360 980 Nam
389 942 441 980 510
469 949 524 980 est
552 955 575 980 a
602 943 747 994 populo
773 950 811 979 et
834 953 912 979 non
937 941 1070 980 infimo
1099 953 1255 992 quoque

127 996 400 1047 approbatum,
413 1002 458 1033 ut
475 997 660 1046 majorem
673 995 805 1047 Appio
817 995 986 1034 dolorem
1003 996 1120 1043 fama,
1134 1007 1254 1046 quam

129 1049 349 1101 postulatio,
369 1050 550 1088 attulerit.
583 1051 773 1089 Praeterea
798 1050 893 1102 coepi
912 1050 1108 1099 sacellum,
1124 1049 1165 1086 in
1183 1048 1253 1087 do·

128 1115 194 1141 mo
212 1104 317 1155 quod
335 1112 404 1152 est,
424 1105 536 1143 ab'eo
553 1112 692 1157 petere.

141 1177 146 1182 ·
186 1157 403 1197 Conturbat
428 1171 492 1197 me
518 1171 627 1197 mora
652 1158 748 1197 servi
774 1158 906 1208 hujus,
937 1158 1005 1210 qui
1031 1157 1102 1196 tibi
1125 1157 1256 1196 literas

130 1211 271 1250 attulit.
303 1213 425 1260 Nam,
442 1213 602 1265 acceptis
620 1213 810 1265 prioribus
827 1212 959 1261 literis,
973 1211 1139 1264 amplius
1158 1225 1256 1263 qua-

130 1265 307 1317 draginta
337 1266 492 1305 mansit.
534 1267 643 1315 Quid
673 1267 744 1306 tibi
770 1267 947 1314 scribam,
979 1266 1254 1313 1105010.ὃο15,

130 1319 307 1358 Domitio
337 1320 439 1359 diem
472 1321 601 1360 timori
631 1335 721 1360 esse.
765 1321 959 1374 Exspecto
992 1329 1029 1359 te
1059 1320 1183 1368 valde,
1215 1328 1254 1358 et

130 1386 250 1437 quam
268 1374 440 1427 primum
458 1375 585 1415 videre
603 1376 727 1427 cupio.
766 1377 808 1414 A
827 1384 864 1414 te
883 1383 987 1427 peto,
1006 1382 1051 1413 ut
1068 1387 1173 1413 meas
1192 1374 1254 1412 in-

126 1428 248 1478 jurias
271 1429 429 1480 perinde
458 1429 600 1478 doleas,
621 1439 666 1468 ut
693 1443 755 1468 me
779 1430 973 1469 existimas
1001 1437 1038 1468 et
1063 1429 1189 1468 dolere
1215 1437 1255 1467 et

130 1482 260 1522 11101501
278 1490 364 1523 tuas
382 1484 513 1523 solere.
564 1485 676 1524 Vale.

312 1656 430 1708 (13.)
467 1657 690 1698 COELIUS
719 1657 1001 1698 CICERONI
1030 1658 1072 1697 S.

135 1769 140 1773 ⁴
187 1766 513 1818 (Argumentum.
525 1790 572 1797 —
592 1767 819 1806 Gratulatur
830 1767 1014 1806 affinitate
1024 1766 1255 1815 Dolabellae,

133 1821 203 1873 qui
221 1821 412 1861 Ciceronis
426 1821 548 1860 filiam
566 1821 753 1860 duxerat:
784 1829 913 1860 narrat
924 1822 972 1860 de
989 1820 1255 1860 intercessione

134 1875 328 1924 Curionis,
349 1883 386 1914 et
400 1876 447 1915 de
460 1876 664 1928 provinciis
676 1876 771 1928 quid
785 1884 914 1915 actum
927 1876 975 1914 sit
989 1889 1002 1923 ;
1023 1883 1061 1914 et
1075 1875 1122 1914 de
1132 1883 1257 1913 morte

137 1928 370 1979 Hortensii.)

191 2037 376 2077 Gratulor
403 2038 476 2078 tibi
512 2038 695 2077 affinitate
730 2038 802 2077 viri
828 2038 994 2082 (medius
1024 2038 1155 2086 fidius)
1187 2050 1256 2090 op-

136 2091 236 2131 timi.
276 2093 386 2132 Nam
402 2092 475 2132 hoc
493 2106 563 2144 ego
581 2093 629 2131 de
654 2093 721 2132 isso
740 2093 929 2132 existimo.
964 2093 1112 2132 Caetera
1129 2105 1256 2143 porro,

135 2147 279 2211 quibus
308 2147 434 2186 adhuc
464 2147 531 2186 1110
560 2147 634 2187 sibi
664 2160 805 2200 parum
829 2147 935 2186 utilis
965 2147 1055 2196 fuit,
1083 2154 1120 2186 et
1148 2153 1260 2185 aetate

135 2201 219 2251 jam
257 2208 352 2241 sunt
378 2201 547 2249 decursa,
583 2209 621 2241 et
649 2201 924 2241 consuetudine
955 2209 1072 2254 atque
1096 2199 1258 2241 auctori-
