1501 2407
261 119 313 162 7-2
459 115 543 153 AD
571 114 868 154 DIVERSOS.
899 115 1000 154 Lm.
1031 114 1115 153 ΙΙΙ.
1145 117 1184 154 9.

317 225 380 263 De
398 223 534 262 nostris
553 225 666 262 rebus
685 223 789 275 quod
808 223 901 261 scire
914 222 971 261 vis
984 237 1002 269 ;
1027 223 1151 261 Tarso
1166 222 1293 261 Nonis
1303 220 1384 260 Oc-

262 281 360 319 tobr.
380 279 584 316 Amanum
604 291 735 316 versus
764 277 924 329 profecti
947 290 1094 315 sumus.
1125 277 1223 315 Haec
1252 275 1385 327 scripsi

218 360 227 372 2
263 332 444 387 postridie
457 333 539 381 ejus
551 331 641 377 diei,
652 345 741 370 cum
761 339 883 370 castra
899 331 1083 370 haberem
1101 331 1141 369 in
1161 344 1253 382 agro
1265 330 1384 381 Mop-

261 387 449 427 suhestiae.
481 386 523 424 Si
541 385 635 437 quid
655 398 780 436 egero,
807 386 970 423 scribam
1001 386 1050 423 ad
1080 393 1142 424 te:
1173 397 1299 437 neque
1316 383 1384 421 do-

259 455 371 481 mum
390 453 567 492 unquam
595 439 644 478 ad
662 453 768 478 meos
786 439 914 478 literas
931 439 1101 488 mittam,
1118 439 1227 490 ·quin
1246 438 1384 488 adjun-

261 509 353 548 gam
376 508 453 541 eas,
483 507 579 545 quas
604 493 675 532 tibi
704 493 811 531 reddi
835 494 964 531 velim.
1005 493 1069 532 De
1095 493 1249 532 Parthis
1280 492 1384 544 quod

261 550 415 603 quaeris,
435 548 551 586 fuisse
569 548 696 586 nullos
714 555 821 598 puto.
861 548 1013 586 Arabes
1032 548 1100 599 qui
1118 547 1290 596 fuerunt,
1317 547 1387 585 ad·-

259 606 384 643 mixto
410 602 591 640 Parthico
621 610 772 649 ornatu,
807 602 987 640 dicuntur
1015 614 1148 640 omnes
1177 601 1385 640 revertisse.

262 660 427 697 Hostem
446 669 527 694 esse
545 656 586 693 in
599 656 710 707 Syria
729 662 870 706 negant
883 656 1022 694 ullum.
1053 656 1119 694 Tu
1132 655 1247 694 velim
1259 655 1309 694 ad
1322 668 1386 694 me

261 725 381 766 quam
395 710 617 762 saepissime,
633 717 670 748 et
688 709 735 747 de
755 710 830 748 tuis
848 711 976 758 rebus,
997 710 1151 757 scribas,
1161 717 1199 748 et
1212 709 1260 748 de
1273 709 1384 757 meis,

259 775 297 807 et
316 767 363 804 dc
381 764 488 803 omni
506 763 725 815 reipublicae
743 771 844 801 statu
859 778 869 801 :
892 763 939 801 de
951 777 1028 815 quo
1042 777 1129 802 sum
1147 764 1330 802 sollicitus
1341 776 1386 802 eo

259 820 397 872 magis,
418 818 523 870 quod
542 832 589 856 ex
607 817 684 855 tuis
708 817 827 855 literis
852 818 1027 868 cognovi,
1047 818 1280 870 Pompeium
1298 830 1386 856 nos-

259 885 365 914 trum
383 874 424 911 in
445 872 678 923 Hispaniam
698 871 857 910 iturum.
886 871 999 911 Vale.

338 1035 429 1086 (9.)
460 1036 522 1074 M.
539 1035 590 1074 T.
608 1035 653 1074 C.
683 1035 863 1075 APPIO
893 1036 1168 1076 PULCHRO
1198 1037 1238 1077 s.
1254 1037 1308 1077 D.

334 1147 660 1197 (Argumentum.
680 1168 736 1174 —
753 1146 876 1198 Appii
925 1147 1059 1197 literis,
1107 1147 1386 1188 humanissime

261 1202 422 1253 scriptis,
448 1201 689 1239 humanitate
713 1202 797 1252 pari
829 1201 1056 1252 responden
1098 1203 1210 1254 eique
1233 1202 1282 1240 de
1317 1203 1385 1241 tri-

259 1255 398 1307 umphi
428 1268 494 1306 spe
526 1256 766 1306 gratulatur;
798 1262 836 1293 et
860 1255 910 1293 ad
940 1256 1190 1295 absolvendos
1219 1268 1384 1308 augura-

259 1311 315 1349 les
343 1310 460 1347 libros
485 1309 674 1357 hortatus,
705 1308 802 1360 petit
827 1316 868 1346 ut
889 1310 1207 1361 supplicationem
1226 1310 1299 1349 sibi
1318 1311 1384 1351 de-

261 1364 364 1403 cerni
378 1364 516 1411 curet.)

313 1471 396 1510 Vix
414 1469 571 1509 tandem
588 1470 665 1521 legi
682 1470 810 1509 literas
828 1470 963 1522 dignas
981 1471 1116 1524 Appio
1135 1471 1286 1521 Clodio,
1300 1473 1384 1524 ple-

257 1538 328 1564 nas
344 1525 610 1571 humanitatis,
636 1524 764 1573 officii,
785 1524 1004 1576 dfljgentiae.
1033 1527 1252 1578 Adspectus
1279 1528 1384 1566 vide-

257 1581 346 1618 licet
364 1578 482 1618 Urbis
501 1579 572 1616 tibi
585 1586 694 1616 tuam
712 1579 914 1630 pristinam
933 1581 1190 1620 urbanitatem
1204 1580 1382 1621 reddidit.

259 1635 382 1682 Nam,
411 1644 508 1684 quas
528 1645 576 1670 ex
593 1632 742 1681 itinere,
763 1642 852 1671 ante
870 1646 991 1684 quam
1016 1647 1066 1673 ex
1091 1634 1192 1673 Asia
1210 1647 1382 1688 egressus

258 1701 370 1732 esses,
387 1687 510 1725 adme
524 1687 653 1725 literas
672 1686 823 1735 misisti,
836 1700 934 1725 unas
952 1688 1000 1726 de
1018 1689 1153 1740 legatis
1171 1703 1195 1728 a
1212 1703 1277 1729 me
1293 1702 1383 1741 pro-

255 1742 388 1780 hibitis
405 1741 605 1792 proficisci,
619 1742 756 1779 alteras
775 1741 823 1779 de
840 1742 1115 1793 Appianorum
1135 1743 1384 1783 aedificatione

252 1794 455 1847 impedita,
483 1795 558 1846 legi
582 1795 808 1846 perinvitus.
849 1795 1003 1847 Itaque,
1033 1797 1263 1836 conscientia
1283 1810 1382 1836 meae

257 1849 463 1889 constantis
482 1862 571 1899 erga
589 1857 627 1886 te
645 1849 866 1898 voluntatis,
887 1851 1059 1902 rescripsi
1077 1851 1147 1889 tibi
1176 1852 1379 1891 subiratus.

259 1904 315 1942 Iis
334 1916 422 1941 vero
447 1903 566 1941 literis
594 1903 714 1949 lectis,
742 1917 837 1955 quas
861 1904 1086 1951 Philotimo,
1115 1905 1252 1944 liberto
1277 1919 1379 1953 meo,

257 1957 408 2005 dedisti,
429 1957 589 2008 cognovi
607 1957 870 2009 intellexique,
891 1958 931 1995 in
950 1959 1147 2010 provincia
1164 1961 1308 1998 multos
1318 1960 1382 1998 fu-

255 2012 342 2059 isse,
357 2011 427 2063 qui
440 2023 522 2059 nos,
536 2018 614 2062 quo
628 2011 757 2049 animo
768 2011 867 2050 inter
877 2025 946 2050 nos
959 2025 1106 2061 sumus,
1121 2027 1200 2052 asse
1211 2015 1378 2052 nollent:

255 2066 305 2104 ad
323 2065 472 2104 Urbem
490 2078 579 2104 vero
596 2074 641 2103 ut
665 2065 874 2113 accesseris,
895 2066 956 2104 vel
980 2067 1107 2118 potius
1133 2075 1178 2106 ut
1205 2068 1377 2120 primum

253 2127 341 2158 tuos
360 2118 513 2166 videris,
544 2121 728 2170 cognosse
745 2127 782 2157 te
802 2133 851 2158 ex
875 2120 936 2169 iis,
957 2121 1037 2172 qu'a
1059 2121 1100 2159 in
1126 2129 1165 2160 te
1183 2123 1378 2160 absentem

252 2174 343 2219 fide,
363 2173 443 2224 qua
460 2172 503 2211 in
521 2174 701 2212 omnibus
712 2172 844 2212 officiis
857 2175 1009 2213 tuendis
1024 2188 1114 2226 erga
1125 2182 1162 2214 te
1175 2177 1380 2215 observan-

253 2229 308 2267 tia
338 2234 375 2265 et
405 2227 631 2276 constantia,
663 2227 834 2267 fuissem.
864 2228 1003 2280 Itaque
1028 2230 1164 2281 quanti
1191 2230 1290 2268 illud
1314 2242 1379 2269 me
