1501 2407
238 118 324 158 AD
350 118 649 160 DIVERSOS.
676 119 780 158 Lm.
801 118 925 160 VIII.
955 122 993 158 8.
1094 122 1176 161 229

54 241 96 268 re
112 226 269 280 publica
285 226 334 266 ad
352 234 528 266 senatum
557 227 702 277 referri,
728 228 926 280 senatique
953 229 1170 267 'consultum

53 282 137 321 fieri
153 282 282 334 possit.
321 281 404 330 Qui
420 281 649 333 impedierit,
668 282 920 334 prohibuerit,
946 295 1036 320 eum
1061 296 1171 322 sena-

52 344 140 375 tum
159 336 375 375 existimare
398 344 529 374 contra
545 336 823 387 rempublicam
841 336 982 374 fecisse.
1024 337 1066 375 Si
1085 337 1171 388 quis

50 390 143 429 huic
171 389 512 428 senatus-consulto
540 389 802 437 intercesserit,
835 391 984 428 senatui
1008 390 1169 441 placere,

51 444 316 483 auctoritatem
333 443 529 495 perscribi,
550 450 587 482 et
605 444 653 482 de
671 444 716 482 effi
729 457 770 482 re
788 443 838 482 ad
850 453 1025 482 senatum
1043 458 1169 496 popu-

48 498 210 549 lumque
227 497 398 537 referri.'’

103 552 210 590 Huic
238 551 579 590 senatus-consulto
609 551 817 590 intercessit
846 553 892 592 C.
927 551 1084 601 Coelius,
1111 553 1161 591 L.

47 606 239 654 Vinicius,
260 606 306 644 P.
328 605 541 652 Cornelius,
563 605 608 644 C.
627 606 768 644 Vibius
787 607 926 645 Pansa.

102 662 132 682 “
151 659 254 698 Item
273 659 420 698 senatui
438 659 600 710 placere,
620 659 668 697 de
685 659 886 709 militibus,
903 660 971 713 qui
995 660 1036 698 in
1059 673 1167 699 exer-

48 714 126 754 citu
152 714 197 753 C.
221 713 381 753 Caesaris
406 713 505 758 sint3
536 713 604 764 qui
629 726 762 751 eorum
787 714 974 766 stipendia
994 715 1164 763 emerita,

47 775 116 807 aut
134 781 279 815 causas,
308 767 448 819 quibus
466 767 514 805 de
532 767 653 805 causis
671 768 779 806 missi
797 769 878 806 fieri
896 769 1070 816 debeant,
1094 769 1165 808 ha-

46 824 176 868 beant,
205 822 255 860 ad
271 822 376 860 hunc
394 821 566 859 ordinem
593 821 736 869 referri,
767 829 811 860 ut
830 836 962 860 eorum
981 823 1077 861 ratio
1095 824 1165 862 ha-

46 877 195 923 beatur,
209 888 407 927 causaeque
425 882 709 925 cognoscantur.
739 876 781 914 Si
795 876 882 927 quis
895 876 985 915 huic
998 880 1166 916 senatus-

46 930 220 969 consulto
247 929 508 977 intercesserit,
540 930 688 967 senatui
710 930 871 981 placere,
902 931 1164 970 auctoritatem

45 983 242 1036 perscribi,
270 991 308 1022 et
335 983 384 1022 de
412 982 457 1021 e&
480 995 521 1021 re
542 983 592 1021 ad
617 992 792 1022 senatum
818 985 1086 1036 populumque
1106 998 1164 1023 re-

45 1038 178 1077 ferri.’'

100 1092 206 1131 Huic
235 1091 576 1130 senatus-consulto
606 1091 815 1130 intercessit
851 1092 896 1131 C.
928 1093 1084 1142 Coelius,
1116 1093 1164 1132 C.

41 1146 186 1192 Pansa,
206 1145 351 1184 tribuni
368 1145 503 1196 plebis.

99 1201 319 1251 “Itemque
333 1199 480 1237 senatui
494 1200 682 1261 placere,
671 1212 711 1237 m
724 1200 900 1239 Ciliciam
911 1201 1161 1252 provinciam,

43 1261 81 1294 et
91 1254 224 1293 inocto
231 1253 395 1305 reliquas
402 1254 627 1314 provincias,
637 1267 731 1305 quas
739 1255 905 1305 praetorii
919 1268 987 1306 pro
1002 1263 1162 1307 praetore

40 1308 268 1374 obtinerent,
288 1320 365 1355 eos,
389 1307 457 1359 qui
473 1316 651 1359 praetores
669 1308 838 1355 fuerunt,
859 1320 984 1360 neque
1010 1309 1050 1347 111
1069 1323 1160 1361 pro-

38 1362 164 1402 vincia
181 1374 271 1400 cum
287 1361 462 1423 imperio
465 1362 635 1409 fuerunt,
661 1375 755 1413 quos
774 1375 906 1401 eorum
926 1376 974 1401 ex
992 1366 1160 1402 senatus-

39 1417 212 1455 consulto
226 1428 315 1455 cum
328 1415 489 1467 imperio
507 1416 548 1453 in
566 1416 778 1477 provincias
796 1430 866 1467 pro
877 1424 1039 1478 praetore
1057 1417 1160 1456 mitti

38 1478 240 1522 oporteret,
269 1483 332 1508 eos
350 1469 480 1508 sortito
497 1469 538 1507 in
555 1470 767 1521 provincias
784 1470 888 1508 mitti
909 1471 1068 1522 placere.
1099 1471 1156 1521 Si,

37 1538 88 1563 ex
106 1538 149 1563 eo
162 1537 338 1573 numero,
353 1537 449 1575 quos
464 1537 512 1562 ex
531 1525 894 1563 senatus-consulto*
884 1537 923 1562 in
943 1525 1157 1576 provincias

36 1579 93 1617 ire
111 1586 311 1630 oporteret,
331 1578 381 1616 ad
394 1590 600 1616 numerum
619 1590 697 1617 non
709 1586 844 1625 essent,
859 1579 926 1630 qui
939 1580 980 1617 in
995 1593 1056 1618 eas
1068 1593 1157 1631 pro-

36 1633 178 1672 vincias
195 1632 543 1684 proficiscerentur;
573 1640 657 1670 tum
678 1633 734 1670 uti
755 1632 934 1684 quodque
953 1634 1157 1684 collegium

37 1686 208 1738 primum
225 1694 432 1737 praetorum
449 1686 598 1733 fuisset,
618 1699 742 1738 neque
766 1687 806 1724 in
831 1687 1044 1737 provincias
1066 1700 1155 1739 pro-

36 1740 125 1779 fecti
143 1747 279 1787 essent,
307 1740 362 1778 ita
382 1748 481 1778 sorte
511 1740 550 1777 in
580 1740 791 1791 provincias
816 1741 1153 1792 proficiscerentur.

35 1794 106 1833 Si
96 1794 124 1831 11
141 1794 192 1831 ad
209 1806 416 1832 numerum
435 1806 512 1832 non
538 1801 673 1840 essent,
689 1802 780 1833 tunc
795 1795 971 1846 deinceps
985 1796 1154 1846 proximi

34 1849 221 1899 cujusque
250 1847 412 1898 collegii,
444 1848 512 1899 qui
540 1857 720 1899 praetores
748 1848 923 1896 fuissent,
958 1861 1082 1900 neque
1111 1849 1152 1887 in

30 1901 244 1954 provincias
273 1902 432 1953 profecti
463 1910 599 1948 essent,
630 1902 671 1939 in
694 1911 834 1940 sortem
863 1902 1152 1952 conjicerertur.‚

31 1955 188 2007 quoad
177 1969 209 1993 1s
227 1968 411 1994 numerus
430 1956 585 1994 effectus
611 1964 720 2001 esset,
740 1970 856 2007 quem
876 1956 925 1993 ad
943 1967 1151 1995 numerum

29 2010 70 2047 in
89 2009 302 2062 provincias
321 2009 422 2047 mitti
440 2017 638 2061 oporteret.
679 2010 721 2049 Si
750 2011 836 2061 quis
864 2010 955 2048 huic
982 2014 1152 2048 senatus-

29 2063 202 2103 consulto
219 2063 500 2111 intercessisset,
520 2064 724 2102 auctoritas
742 2064 1045 2124 perscriberetur.
1050 2065 1076 2081 '⁹

81 2117 189 2156 Huic
221 2118 562 2156 senatus-consulto
591 2118 798 2156 intercessit
830 2117 875 2156 C.
908 2117 1064 2165 Coelius,
1100 2117 1146 2156 C.

27 2171 168 2217 Pansa,
199 2170 344 2210 tribuni
375 2172 508 2223 plebis.
547 2172 623 2210 Illa
654 2179 835 2223 praeterea
861 2171 933 2210 Cn.
969 2171 1146 2222 Pompeii

25 2233 115 2265 sunt
131 2224 408 2273 animadversa,
428 2238 516 2277 quae
533 2225 704 2265 maxime
718 2225 987 2265 confidentiam
1007 2226 1145 2263 attule-

80 2281 247 2331 (Epist.)
277 2289 382 2319 vor..
413 2290 443 2318 1.
837 2290 868 2317 x
