<?xml version="1.0" encoding="UTF-8"?>
<!DOCTYPE html PUBLIC "-//W3C//DTD XHTML 1.0 Transitional//EN"
    "http://www.w3.org/TR/xhtml1/DTD/xhtml1-transitional.dtd">
<html xmlns="http://www.w3.org/1999/xhtml" xml:lang="en" lang="en">
 <head>
  <title>
</title>
<meta http-equiv="Content-Type" content="text/html;charset=utf-8" />
  <meta name='ocr-system' content='tesseract 3.04.00' />
  <meta name='ocr-capabilities' content='ocr_page ocr_carea ocr_par ocr_line ocrx_word'/>
</head>
<body>
  <div class='ocr_page' id='page_1' title='image "./operaern09ciceuoft_0043.png"; bbox 0 0 1501 2407; ppageno 0'>
   <div class='ocr_carea' id='block_1_1' title="bbox 317 66 1205 125">
    <p class='ocr_par' dir='ltr' id='par_1_1' title="bbox 317 66 1205 125">
     <span class='ocr_line' id='line_1_1' title="bbox 317 66 1205 125; baseline 0.003 -18"><span class='ocrx_word' id='word_1_1' title='bbox 317 68 401 107; x_wconf 92' lang='lat' dir='ltr'><strong>AD</strong></span> <span class='ocrx_word' id='word_1_2' title='bbox 429 66 727 125; x_wconf 84' lang='lat' dir='ltr'>DIVERSOS.</span> <span class='ocrx_word' id='word_1_3' title='bbox 757 67 857 106; x_wconf 78' lang='lat' dir='ltr'><strong>Lm.</strong></span> <span class='ocrx_word' id='word_1_4' title='bbox 888 68 922 106; x_wconf 92' lang='grc' dir='ltr'><strong>Ι.</strong></span> <span class='ocrx_word' id='word_1_5' title='bbox 951 71 989 107; x_wconf 87' lang='grc'><strong>9.</strong></span> <span class='ocrx_word' id='word_1_6' title='bbox 1151 71 1205 110; x_wconf 84' lang='grc'><strong>29</strong></span> 
     </span>
    </p>
   </div>
   <div class='ocr_carea' id='block_1_2' title="bbox 90 174 1208 337">
    <p class='ocr_par' dir='ltr' id='par_1_2' title="bbox 90 174 1208 337">
     <span class='ocr_line' id='line_1_2' title="bbox 143 174 1207 229; baseline 0.002 -14"><span class='ocrx_word' id='word_1_7' title='bbox 143 175 299 228; x_wconf 88' lang='lat' dir='ltr'><strong>Appius</strong></span> <span class='ocrx_word' id='word_1_8' title='bbox 328 177 368 215; x_wconf 93' lang='lat' dir='ltr'><strong>in</strong></span> <span class='ocrx_word' id='word_1_9' title='bbox 398 176 636 215; x_wconf 76' lang='lat' dir='ltr'>sermonibus</span> <span class='ocrx_word' id='word_1_10' title='bbox 673 182 784 213; x_wconf 84' lang='lat' dir='ltr'><strong>antea</strong></span> <span class='ocrx_word' id='word_1_11' title='bbox 825 174 1036 224; x_wconf 81' lang='lat' dir='ltr'>dictitabat,</span> <span class='ocrx_word' id='word_1_12' title='bbox 1074 185 1207 229; x_wconf 86' lang='lat' dir='ltr'><strong>postea</strong></span> 
     </span>
     <span class='ocr_line' id='line_1_3' title="bbox 91 230 1208 282; baseline 0.002 -14"><span class='ocrx_word' id='word_1_13' title='bbox 91 230 190 269; x_wconf 81' lang='lat' dir='ltr'><strong>dixit</strong></span> <span class='ocrx_word' id='word_1_14' title='bbox 219 231 333 270; x_wconf 83' lang='lat' dir='ltr'><strong>etiam</strong></span> <span class='ocrx_word' id='word_1_15' title='bbox 363 231 404 269; x_wconf 94' lang='lat' dir='ltr'><strong>in</strong></span> <span class='ocrx_word' id='word_1_16' title='bbox 433 238 567 270; x_wconf 88' lang='lat' dir='ltr'><strong>senatu</strong></span> <span class='ocrx_word' id='word_1_17' title='bbox 596 230 741 282; x_wconf 85' lang='lat' dir='ltr'><strong>palam,</strong></span> <span class='ocrx_word' id='word_1_18' title='bbox 766 242 859 277; x_wconf 87' lang='lat' dir='ltr'><strong>sese,</strong></span> <span class='ocrx_word' id='word_1_19' title='bbox 884 230 915 267; x_wconf 92' lang='lat' dir='ltr'><strong>si</strong></span> <span class='ocrx_word' id='word_1_20' title='bbox 936 230 1086 269; x_wconf 87' lang='lat' dir='ltr'><strong>licitum</strong></span> <span class='ocrx_word' id='word_1_21' title='bbox 1113 240 1208 270; x_wconf 88' lang='lat' dir='ltr'><strong>esset</strong></span> 
     </span>
     <span class='ocr_line' id='line_1_4' title="bbox 90 284 1208 337; baseline 0.002 -15"><span class='ocrx_word' id='word_1_22' title='bbox 90 285 215 336; x_wconf 88' lang='lat' dir='ltr'><strong>legem</strong></span> <span class='ocrx_word' id='word_1_23' title='bbox 239 286 423 324; x_wconf 87' lang='lat' dir='ltr'><strong>curiatam</strong></span> <span class='ocrx_word' id='word_1_24' title='bbox 452 285 564 331; x_wconf 90' lang='lat' dir='ltr'><strong>ferre,</strong></span> <span class='ocrx_word' id='word_1_25' title='bbox 591 284 814 322; x_wconf 80' lang='lat' dir='ltr'><strong>sortiturum</strong></span> <span class='ocrx_word' id='word_1_26' title='bbox 840 296 918 322; x_wconf 83' lang='lat' dir='ltr'><strong>esse</strong></span> <span class='ocrx_word' id='word_1_27' title='bbox 946 297 1036 322; x_wconf 90' lang='lat' dir='ltr'><strong>cum</strong></span> <span class='ocrx_word' id='word_1_28' title='bbox 1062 286 1208 337; x_wconf 62' lang='lat' dir='ltr'><strong>collega</strong></span> 
     </span>
    </p>
   </div>
   <div class='ocr_carea' id='block_1_3' title="bbox 90 338 1235 390">
    <p class='ocr_par' dir='ltr' id='par_1_3' title="bbox 90 338 1235 390">
     <span class='ocr_line' id='line_1_5' title="bbox 90 338 1235 390; baseline 0.001 -14"><span class='ocrx_word' id='word_1_29' title='bbox 90 338 324 390; x_wconf 85' lang='lat' dir='ltr'><strong>provinciam</strong></span> <span class='ocrx_word' id='word_1_30' title='bbox 340 353 351 377; x_wconf 88' lang='lat'>:</span> <span class='ocrx_word' id='word_1_31' title='bbox 382 339 414 377; x_wconf 90' lang='lat' dir='ltr'><strong>si</strong></span> <span class='ocrx_word' id='word_1_32' title='bbox 433 339 577 378; x_wconf 84' lang='lat' dir='ltr'><strong>curiata</strong></span> <span class='ocrx_word' id='word_1_33' title='bbox 593 339 657 377; x_wconf 81' lang='lat' dir='ltr'><strong>lex</strong></span> <span class='ocrx_word' id='word_1_34' title='bbox 683 350 760 376; x_wconf 91' lang='lat' dir='ltr'><strong>non</strong></span> <span class='ocrx_word' id='word_1_35' title='bbox 779 345 888 384; x_wconf 81' lang='lat' dir='ltr'><strong>esset,</strong></span> <span class='ocrx_word' id='word_1_36' title='bbox 908 351 947 376; x_wconf 89' lang='lat' dir='ltr'><strong>se</strong></span> <span class='ocrx_word' id='word_1_37' title='bbox 964 347 1205 390; x_wconf 85' lang='lat' dir='ltr'><strong>paraturum,</strong></span> <span class='ocrx_word' id='word_1_38' title='bbox 1228 377 1235 383; x_wconf 71' lang='grc'><em>,</em></span> 
     </span>
    </p>
   </div>
   <div class='ocr_carea' id='block_1_4' title="bbox 83 391 1209 1907">
    <p class='ocr_par' dir='ltr' id='par_1_4' title="bbox 83 391 1209 1310">
     <span class='ocr_line' id='line_1_6' title="bbox 89 391 1207 444; baseline 0.001 -13"><span class='ocrx_word' id='word_1_39' title='bbox 89 392 237 444; x_wconf 87' lang='lat' dir='ltr'><strong>tibique</strong></span> <span class='ocrx_word' id='word_1_40' title='bbox 260 406 544 432; x_wconf 86' lang='lat' dir='ltr'><strong>successurum:</strong></span> <span class='ocrx_word' id='word_1_41' title='bbox 575 393 701 444; x_wconf 86' lang='lat' dir='ltr'><strong>legem</strong></span> <span class='ocrx_word' id='word_1_42' title='bbox 728 391 912 430; x_wconf 81' lang='lat' dir='ltr'><strong>curiatam</strong></span> <span class='ocrx_word' id='word_1_43' title='bbox 943 393 1089 431; x_wconf 87' lang='lat' dir='ltr'><strong>consuli</strong></span> <span class='ocrx_word' id='word_1_44' title='bbox 1117 394 1207 432; x_wconf 83' lang='lat' dir='ltr'><strong>ferri</strong></span> 
     </span>
     <span class='ocr_line' id='line_1_7' title="bbox 88 450 1208 498; baseline 0.002 -14"><span class='ocrx_word' id='word_1_45' title='bbox 88 458 184 498; x_wconf 91' lang='lat' dir='ltr'><strong>opus</strong></span> <span class='ocrx_word' id='word_1_46' title='bbox 204 460 296 495; x_wconf 89' lang='lat' dir='ltr'><strong>esse,</strong></span> <span class='ocrx_word' id='word_1_47' title='bbox 309 459 460 486; x_wconf 86' lang='lat' dir='ltr'><strong>necesse</strong></span> <span class='ocrx_word' id='word_1_48' title='bbox 477 459 555 486; x_wconf 89' lang='lat' dir='ltr'><strong>non</strong></span> <span class='ocrx_word' id='word_1_49' title='bbox 574 459 677 485; x_wconf 88' lang='lat' dir='ltr'><strong>esse:</strong></span> <span class='ocrx_word' id='word_1_50' title='bbox 709 459 762 494; x_wconf 92' lang='lat' dir='ltr'><strong>se,</strong></span> <span class='ocrx_word' id='word_1_51' title='bbox 776 458 959 497; x_wconf 86' lang='lat' dir='ltr'><strong>quomam</strong></span> <span class='ocrx_word' id='word_1_52' title='bbox 974 460 1022 484; x_wconf 84' lang='lat' dir='ltr'><strong>ex</strong></span> <span class='ocrx_word' id='word_1_53' title='bbox 1037 450 1208 486; x_wconf 61' lang='lat' dir='ltr'><strong>senatus-</strong></span> 
     </span>
     <span class='ocr_line' id='line_1_8' title="bbox 89 499 1209 553; baseline 0.001 -15"><span class='ocrx_word' id='word_1_54' title='bbox 89 501 261 539; x_wconf 82' lang='lat' dir='ltr'><strong>consulto</strong></span> <span class='ocrx_word' id='word_1_55' title='bbox 292 501 528 552; x_wconf 88' lang='lat' dir='ltr'><strong>provinciam</strong></span> <span class='ocrx_word' id='word_1_56' title='bbox 559 501 730 546; x_wconf 89' lang='lat' dir='ltr'><strong>haberet,</strong></span> <span class='ocrx_word' id='word_1_57' title='bbox 760 501 845 551; x_wconf 90' lang='lat' dir='ltr'><strong>lege</strong></span> <span class='ocrx_word' id='word_1_58' title='bbox 877 499 1056 539; x_wconf 63' lang='lat' dir='ltr'><strong>Cornelia</strong></span> <span class='ocrx_word' id='word_1_59' title='bbox 1085 501 1209 553; x_wconf 86' lang='lat' dir='ltr'><strong>impe-</strong></span> 
     </span>
     <span class='ocr_line' id='line_1_9' title="bbox 89 553 1206 608; baseline 0.002 -16"><span class='ocrx_word' id='word_1_60' title='bbox 89 553 192 592; x_wconf 89' lang='lat' dir='ltr'><strong>rium</strong></span> <span class='ocrx_word' id='word_1_61' title='bbox 220 555 458 605; x_wconf 87' lang='lat' dir='ltr'><strong>habiturum,</strong></span> <span class='ocrx_word' id='word_1_62' title='bbox 483 554 610 608; x_wconf 89' lang='lat' dir='ltr'><strong>quoad</strong></span> <span class='ocrx_word' id='word_1_63' title='bbox 634 555 675 592; x_wconf 91' lang='lat' dir='ltr'><strong>in</strong></span> <span class='ocrx_word' id='word_1_64' title='bbox 698 555 847 592; x_wconf 89' lang='lat' dir='ltr'><strong>Urbem</strong></span> <span class='ocrx_word' id='word_1_65' title='bbox 872 553 1074 593; x_wconf 81' lang='lat' dir='ltr'>introisset.</span> <span class='ocrx_word' id='word_1_66' title='bbox 1103 555 1206 607; x_wconf 89' lang='lat' dir='ltr'><strong>Ego,</strong></span> 
     </span>
     <span class='ocr_line' id='line_1_10' title="bbox 89 608 1206 661; baseline 0.002 -15"><span class='ocrx_word' id='word_1_67' title='bbox 89 608 184 660; x_wconf 90' lang='lat' dir='ltr'><strong>quid</strong></span> <span class='ocrx_word' id='word_1_68' title='bbox 212 609 263 647; x_wconf 89' lang='lat' dir='ltr'><strong>ad</strong></span> <span class='ocrx_word' id='word_1_69' title='bbox 286 616 325 647; x_wconf 93' lang='lat' dir='ltr'><strong>te</strong></span> <span class='ocrx_word' id='word_1_70' title='bbox 353 616 511 648; x_wconf 87' lang='lat' dir='ltr'><strong>tuorum</strong></span> <span class='ocrx_word' id='word_1_71' title='bbox 540 609 702 661; x_wconf 87' lang='lat' dir='ltr'><strong>quisque</strong></span> <span class='ocrx_word' id='word_1_72' title='bbox 730 608 1025 647; x_wconf 85' lang='lat' dir='ltr'><strong>necessariorum</strong></span> <span class='ocrx_word' id='word_1_73' title='bbox 1053 609 1206 658; x_wconf 89' lang='lat' dir='ltr'><strong>scribat,</strong></span> 
     </span>
     <span class='ocr_line' id='line_1_11' title="bbox 89 662 1209 715; baseline 0.001 -15"><span class='ocrx_word' id='word_1_74' title='bbox 89 662 238 701; x_wconf 79' lang='lat' dir='ltr'><strong>nescio:</strong></span> <span class='ocrx_word' id='word_1_75' title='bbox 276 663 399 703; x_wconf 77' lang='lat' dir='ltr'><strong>varias</strong></span> <span class='ocrx_word' id='word_1_76' title='bbox 431 677 510 702; x_wconf 87' lang='lat' dir='ltr'><strong>esse</strong></span> <span class='ocrx_word' id='word_1_77' title='bbox 538 663 735 715; x_wconf 84' lang='lat' dir='ltr'>opiniones</span> <span class='ocrx_word' id='word_1_78' title='bbox 764 662 950 713; x_wconf 86' lang='lat' dir='ltr'><strong>intelligo.</strong></span> <span class='ocrx_word' id='word_1_79' title='bbox 986 664 1101 712; x_wconf 84' lang='lat' dir='ltr'>Sunt,</span> <span class='ocrx_word' id='word_1_80' title='bbox 1140 664 1209 715; x_wconf 89' lang='lat' dir='ltr'><strong>qui</strong></span> 
     </span>
     <span class='ocr_line' id='line_1_12' title="bbox 88 717 1209 769; baseline 0.002 -15"><span class='ocrx_word' id='word_1_81' title='bbox 88 724 239 768; x_wconf 85' lang='lat' dir='ltr'><strong>putent,</strong></span> <span class='ocrx_word' id='word_1_82' title='bbox 258 730 368 769; x_wconf 89' lang='lat' dir='ltr'><strong>posse</strong></span> <span class='ocrx_word' id='word_1_83' title='bbox 387 726 424 757; x_wconf 90' lang='lat' dir='ltr'><strong>te</strong></span> <span class='ocrx_word' id='word_1_84' title='bbox 442 731 520 757; x_wconf 89' lang='lat' dir='ltr'><strong>non</strong></span> <span class='ocrx_word' id='word_1_85' title='bbox 532 717 723 766; x_wconf 82' lang='lat' dir='ltr'><strong>decedere,</strong></span> <span class='ocrx_word' id='word_1_86' title='bbox 744 717 849 768; x_wconf 86' lang='lat' dir='ltr'><strong>quod</strong></span> <span class='ocrx_word' id='word_1_87' title='bbox 868 717 948 755; x_wconf 91' lang='lat' dir='ltr'><strong>sine</strong></span> <span class='ocrx_word' id='word_1_88' title='bbox 966 717 1050 768; x_wconf 87' lang='lat' dir='ltr'><strong>lege</strong></span> <span class='ocrx_word' id='word_1_89' title='bbox 1064 718 1209 756; x_wconf 68' lang='lat' dir='ltr'><strong>curiata</strong></span> 
     </span>
     <span class='ocr_line' id='line_1_13' title="bbox 88 770 1209 823; baseline 0.003 -15"><span class='ocrx_word' id='word_1_90' title='bbox 88 770 159 808; x_wconf 88' lang='lat' dir='ltr'><strong>tibi</strong></span> <span class='ocrx_word' id='word_1_91' title='bbox 188 771 433 811; x_wconf 76' lang='lat' dir='ltr'><strong>succedatur:</strong></span> <span class='ocrx_word' id='word_1_92' title='bbox 464 779 554 811; x_wconf 89' lang='lat' dir='ltr'><strong>sunt</strong></span> <span class='ocrx_word' id='word_1_93' title='bbox 583 772 712 820; x_wconf 87' lang='lat' dir='ltr'><strong>etiam,</strong></span> <span class='ocrx_word' id='word_1_94' title='bbox 746 771 828 823; x_wconf 80' lang='lat' dir='ltr'><strong>qui..</strong></span> <span class='ocrx_word' id='word_1_95' title='bbox 860 771 892 809; x_wconf 90' lang='lat' dir='ltr'><strong>si</strong></span> <span class='ocrx_word' id='word_1_96' title='bbox 921 770 1092 819; x_wconf 84' lang='lat' dir='ltr'><strong>decedas,</strong></span> <span class='ocrx_word' id='word_1_97' title='bbox 1119 785 1143 811; x_wconf 90' lang='lat' dir='ltr'><strong>a</strong></span> <span class='ocrx_word' id='word_1_98' title='bbox 1171 779 1209 810; x_wconf 81' lang='lat' dir='ltr'><strong>te</strong></span> 
     </span>
     <span class='ocr_line' id='line_1_14' title="bbox 87 825 1208 878; baseline 0.002 -16"><span class='ocrx_word' id='word_1_99' title='bbox 87 825 253 877; x_wconf 87' lang='lat' dir='ltr'><strong>relinqui</strong></span> <span class='ocrx_word' id='word_1_100' title='bbox 270 839 393 877; x_wconf 89' lang='lat' dir='ltr'><strong>posse,</strong></span> <span class='ocrx_word' id='word_1_101' title='bbox 420 827 488 878; x_wconf 93' lang='lat' dir='ltr'><strong>qui</strong></span> <span class='ocrx_word' id='word_1_102' title='bbox 505 826 708 878; x_wconf 86' lang='lat' dir='ltr'><strong>provinciae</strong></span> <span class='ocrx_word' id='word_1_103' title='bbox 734 825 873 877; x_wconf 82' lang='lat' dir='ltr'><strong>praesi&#39;t.</strong></span> <span class='ocrx_word' id='word_1_104' title='bbox 902 825 1009 863; x_wconf 84' lang='lat' dir='ltr'><strong>Mihi</strong></span> <span class='ocrx_word' id='word_1_105' title='bbox 1031 838 1108 864; x_wconf 93' lang='lat' dir='ltr'><strong>non</strong></span> <span class='ocrx_word' id='word_1_106' title='bbox 1127 833 1208 864; x_wconf 87' lang='lat' dir='ltr'><strong>tam</strong></span> 
     </span>
     <span class='ocr_line' id='line_1_15' title="bbox 89 878 1206 933; baseline 0.002 -17"><span class='ocrx_word' id='word_1_107' title='bbox 89 878 137 916; x_wconf 93' lang='lat' dir='ltr'><strong>de</strong></span> <span class='ocrx_word' id='word_1_108' title='bbox 153 881 240 928; x_wconf 89' lang='lat' dir='ltr'><strong>jure</strong></span> <span class='ocrx_word' id='word_1_109' title='bbox 258 888 405 920; x_wconf 89' lang='lat' dir='ltr'><strong>certum</strong></span> <span class='ocrx_word' id='word_1_110' title='bbox 433 888 488 919; x_wconf 90' lang='lat' dir='ltr'><strong>est</strong></span> <span class='ocrx_word' id='word_1_111' title='bbox 507 884 763 933; x_wconf 88' lang='lat' dir='ltr'><strong>(quamquam</strong></span> <span class='ocrx_word' id='word_1_112' title='bbox 780 892 830 918; x_wconf 91' lang='lat' dir='ltr'><strong>ne</strong></span> <span class='ocrx_word' id='word_1_113' title='bbox 854 879 895 917; x_wconf 93' lang='lat' dir='ltr'><strong>id</strong></span> <span class='ocrx_word' id='word_1_114' title='bbox 919 879 1076 931; x_wconf 89' lang='lat' dir='ltr'><strong>quidem</strong></span> <span class='ocrx_word' id='word_1_115' title='bbox 1095 880 1206 918; x_wconf 86' lang='lat' dir='ltr'><strong>valde</strong></span> 
     </span>
     <span class='ocr_line' id='line_1_16' title="bbox 87 895 1207 986; baseline 0.002 -16"><span class='ocrx_word' id='word_1_116' title='bbox 87 933 252 973; x_wconf 88' lang='lat' dir='ltr'><strong>dubium</strong></span> <span class='ocrx_word' id='word_1_117' title='bbox 271 941 359 983; x_wconf 88' lang='lat' dir='ltr'><strong>est),</strong></span> <span class='ocrx_word' id='word_1_118' title='bbox 390 947 523 986; x_wconf 88' lang='lat' dir='ltr'><strong>quam,</strong></span> <span class='ocrx_word' id='word_1_119' title='bbox 525 895 642 972; x_wconf 85' lang='lat' dir='ltr'><strong>qillud</strong></span> <span class='ocrx_word' id='word_1_120' title='bbox 660 934 709 972; x_wconf 87' lang='lat' dir='ltr'><strong>ad</strong></span> <span class='ocrx_word' id='word_1_121' title='bbox 727 941 836 972; x_wconf 88' lang='lat' dir='ltr'><strong>tuam</strong></span> <span class='ocrx_word' id='word_1_122' title='bbox 855 946 1048 972; x_wconf 87' lang='lat' dir='ltr'><strong>summam</strong></span> <span class='ocrx_word' id='word_1_123' title='bbox 1067 934 1207 986; x_wconf 88' lang='lat' dir='ltr'><strong>ampli-</strong></span> 
     </span>
     <span class='ocr_line' id='line_1_17' title="bbox 86 986 1206 1040; baseline 0.001 -15"><span class='ocrx_word' id='word_1_124' title='bbox 86 987 277 1035; x_wconf 85' lang='lat' dir='ltr'><strong>tudinem,</strong></span> <span class='ocrx_word' id='word_1_125' title='bbox 304 988 544 1040; x_wconf 76' lang='lat' dir='ltr'><strong>dignitatem,</strong></span> <span class='ocrx_word' id='word_1_126' title='bbox 575 988 843 1027; x_wconf 85' lang='lat' dir='ltr'><strong>liberalitatem</strong></span> <span class='ocrx_word' id='word_1_127' title='bbox 869 986 964 1039; x_wconf 85' lang='lat' dir='ltr'><strong>(qua</strong></span> <span class='ocrx_word' id='word_1_128' title='bbox 988 996 1026 1026; x_wconf 91' lang='lat' dir='ltr'><strong>te</strong></span> <span class='ocrx_word' id='word_1_129' title='bbox 1051 988 1127 1026; x_wconf 87' lang='lat' dir='ltr'><strong>seio</strong></span> <span class='ocrx_word' id='word_1_130' title='bbox 1157 988 1206 1026; x_wconf 89' lang='grc'><strong>11-</strong></span> 
     </span>
     <span class='ocr_line' id='line_1_18' title="bbox 87 1042 1207 1094; baseline 0 -15"><span class='ocrx_word' id='word_1_131' title='bbox 87 1042 308 1081; x_wconf 87' lang='lat' dir='ltr'><strong>bentissime</strong></span> <span class='ocrx_word' id='word_1_132' title='bbox 325 1042 403 1081; x_wconf 88' lang='lat' dir='ltr'><strong>frui</strong></span> <span class='ocrx_word' id='word_1_133' title='bbox 432 1043 582 1092; x_wconf 90' lang='lat' dir='ltr'><strong>solere),</strong></span> <span class='ocrx_word' id='word_1_134' title='bbox 611 1042 811 1094; x_wconf 84' lang='lat' dir='ltr'><strong>pertinere,</strong></span> <span class='ocrx_word' id='word_1_135' title='bbox 842 1049 879 1081; x_wconf 91' lang='lat' dir='ltr'><strong>te</strong></span> <span class='ocrx_word' id='word_1_136' title='bbox 898 1042 979 1080; x_wconf 83' lang='lat' dir='ltr'><strong>sine</strong></span> <span class='ocrx_word' id='word_1_137' title='bbox 996 1042 1079 1079; x_wconf 88' lang='lat' dir='ltr'><strong>ulla</strong></span> <span class='ocrx_word' id='word_1_138' title='bbox 1097 1055 1207 1080; x_wconf 82' lang='lat' dir='ltr'><strong>mora</strong></span> 
     </span>
     <span class='ocr_line' id='line_1_19' title="bbox 86 1095 1206 1148; baseline 0.001 -15"><span class='ocrx_word' id='word_1_139' title='bbox 86 1096 322 1147; x_wconf 89' lang='lat' dir='ltr'><strong>provinciam</strong></span> <span class='ocrx_word' id='word_1_140' title='bbox 336 1097 539 1136; x_wconf 87' lang='lat' dir='ltr'><strong>successori</strong></span> <span class='ocrx_word' id='word_1_141' title='bbox 554 1097 767 1144; x_wconf 84' lang='lat' dir='ltr'><strong>concedere,</strong></span> <span class='ocrx_word' id='word_1_142' title='bbox 781 1095 992 1148; x_wconf 82' lang='lat' dir='ltr'><strong>praesertim</strong></span> <span class='ocrx_word' id='word_1_143' title='bbox 1005 1109 1107 1143; x_wconf 90' lang='lat' dir='ltr'><strong>cum,</strong></span> <span class='ocrx_word' id='word_1_144' title='bbox 1125 1096 1206 1135; x_wconf 91' lang='lat' dir='ltr'><strong>sine</strong></span> 
     </span>
     <span class='ocr_line' id='line_1_20' title="bbox 85 1150 1207 1202; baseline 0 -14"><span class='ocrx_word' id='word_1_145' title='bbox 85 1150 299 1202; x_wconf 89' lang='lat' dir='ltr'><strong>suspicione</strong></span> <span class='ocrx_word' id='word_1_146' title='bbox 328 1157 406 1189; x_wconf 85' lang='lat' dir='ltr'><strong>tuae</strong></span> <span class='ocrx_word' id='word_1_147' title='bbox 434 1151 666 1202; x_wconf 79' lang='lat' dir='ltr'><strong>cupiditatis,</strong></span> <span class='ocrx_word' id='word_1_148' title='bbox 701 1163 779 1189; x_wconf 90' lang='lat' dir='ltr'><strong>non</strong></span> <span class='ocrx_word' id='word_1_149' title='bbox 810 1151 931 1202; x_wconf 88' lang='lat' dir='ltr'><strong>possis</strong></span> <span class='ocrx_word' id='word_1_150' title='bbox 961 1150 1065 1188; x_wconf 88' lang='grc'>1111115</span> <span class='ocrx_word' id='word_1_151' title='bbox 1099 1150 1207 1202; x_wconf 88' lang='lat' dir='ltr'><strong>cupi-</strong></span> 
     </span>
     <span class='ocr_line' id='line_1_21' title="bbox 83 1204 1208 1257; baseline -0.001 -14"><span class='ocrx_word' id='word_1_152' title='bbox 83 1204 244 1243; x_wconf 83' lang='lat' dir='ltr'><strong>ditatem</strong></span> <span class='ocrx_word' id='word_1_153' title='bbox 254 1204 429 1244; x_wconf 84' lang='lat' dir='ltr'><strong>refutare.</strong></span> <span class='ocrx_word' id='word_1_154' title='bbox 458 1206 547 1257; x_wconf 86' lang='lat' dir='ltr'><strong>Ego</strong></span> <span class='ocrx_word' id='word_1_155' title='bbox 565 1212 776 1256; x_wconf 89' lang='lat' dir='ltr'><strong>utrumque</strong></span> <span class='ocrx_word' id='word_1_156' title='bbox 793 1217 925 1242; x_wconf 89' lang='lat' dir='ltr'><strong>meum</strong></span> <span class='ocrx_word' id='word_1_157' title='bbox 944 1211 1038 1255; x_wconf 88' lang='lat' dir='ltr'><strong>puto</strong></span> <span class='ocrx_word' id='word_1_158' title='bbox 1057 1217 1148 1253; x_wconf 59' lang='lat' dir='ltr'><strong>esse,</strong></span> <span class='ocrx_word' id='word_1_159' title='bbox 1170 1211 1208 1242; x_wconf 91' lang='lat' dir='ltr'><strong>et</strong></span> 
     </span>
     <span class='ocr_line' id='line_1_22' title="bbox 87 1258 1204 1310; baseline 0.002 -14"><span class='ocrx_word' id='word_1_160' title='bbox 87 1258 182 1310; x_wconf 90' lang='lat' dir='ltr'><strong>quid</strong></span> <span class='ocrx_word' id='word_1_161' title='bbox 200 1259 377 1308; x_wconf 86' lang='lat' dir='ltr'><strong>sentiam,</strong></span> <span class='ocrx_word' id='word_1_162' title='bbox 396 1259 604 1309; x_wconf 90' lang='lat' dir='ltr'><strong>ostendere,</strong></span> <span class='ocrx_word' id='word_1_163' title='bbox 626 1267 676 1308; x_wconf 92' lang='lat' dir='ltr'><strong>et,</strong></span> <span class='ocrx_word' id='word_1_164' title='bbox 705 1258 809 1310; x_wconf 91' lang='lat' dir='ltr'><strong>quod</strong></span> <span class='ocrx_word' id='word_1_165' title='bbox 827 1258 972 1302; x_wconf 81' lang='lat' dir='ltr'><strong>feceris,</strong></span> <span class='ocrx_word' id='word_1_166' title='bbox 993 1258 1204 1298; x_wconf 87' lang='lat' dir='ltr'><strong>defendere.</strong></span> 
     </span>
    </p>

    <p class='ocr_par' dir='ltr' id='par_1_5' title="bbox 86 1311 1205 1907">
     <span class='ocr_line' id='line_1_23' title="bbox 140 1311 1204 1365; baseline -0.001 -13"><span class='ocrx_word' id='word_1_167' title='bbox 140 1311 290 1365; x_wconf 62' lang='lat' dir='ltr'><strong>Scripta</strong></span> <span class='ocrx_word' id='word_1_168' title='bbox 314 1314 399 1363; x_wconf 84' lang='lat' dir='ltr'><strong>jam</strong></span> <span class='ocrx_word' id='word_1_169' title='bbox 418 1313 575 1365; x_wconf 59' lang='lat' dir='ltr'><strong>epistola</strong></span> <span class='ocrx_word' id='word_1_170' title='bbox 599 1313 803 1364; x_wconf 87' lang='lat' dir='ltr'><strong>superiore,</strong></span> <span class='ocrx_word' id='word_1_171' title='bbox 828 1312 955 1363; x_wconf 88' lang='lat' dir='ltr'><strong>accepi</strong></span> <span class='ocrx_word' id='word_1_172' title='bbox 974 1320 1059 1350; x_wconf 87' lang='lat' dir='ltr'><strong>tuas</strong></span> <span class='ocrx_word' id='word_1_173' title='bbox 1076 1312 1204 1351; x_wconf 86' lang='lat' dir='ltr'><strong>literas</strong></span> 
     </span>
     <span class='ocr_line' id='line_1_24' title="bbox 87 1365 1203 1428; baseline 0.001 -24"><span class='ocrx_word' id='word_1_174' title='bbox 87 1365 135 1405; x_wconf 92' lang='lat' dir='ltr'><strong>de</strong></span> <span class='ocrx_word' id='word_1_175' title='bbox 161 1367 401 1419; x_wconf 78' lang='lat' dir='ltr'><strong>publicanis3</strong></span> <span class='ocrx_word' id='word_1_176' title='bbox 432 1368 573 1419; x_wconf 90' lang='lat' dir='ltr'><strong>quibus</strong></span> <span class='ocrx_word' id='word_1_177' title='bbox 603 1367 822 1419; x_wconf 89' lang='lat' dir='ltr'><strong>aequitatem</strong></span> <span class='ocrx_word' id='word_1_178' title='bbox 852 1374 961 1405; x_wconf 84' lang='lat' dir='ltr'><strong>tuam</strong></span> <span class='ocrx_word' id='word_1_179' title='bbox 990 1378 1067 1404; x_wconf 92' lang='lat' dir='ltr'><strong>non</strong></span> <span class='ocrx_word' id='word_1_180' title='bbox 1096 1367 1203 1428; x_wconf 79' lang='lat' dir='ltr'><strong>potui</strong></span> 
     </span>
     <span class='ocr_line' id='line_1_25' title="bbox 86 1421 1205 1485; baseline 0.001 -27"><span class='ocrx_word' id='word_1_181' title='bbox 86 1432 164 1459; x_wconf 91' lang='lat' dir='ltr'><strong>non</strong></span> <span class='ocrx_word' id='word_1_182' title='bbox 192 1423 364 1473; x_wconf 88' lang='lat' dir='ltr'><strong>probare.</strong></span> <span class='ocrx_word' id='word_1_183' title='bbox 406 1421 603 1460; x_wconf 88' lang='lat' dir='ltr'><strong>Felicitate</strong></span> <span class='ocrx_word' id='word_1_184' title='bbox 633 1421 804 1473; x_wconf 86' lang='lat' dir='ltr'><strong>quidem,</strong></span> <span class='ocrx_word' id='word_1_185' title='bbox 836 1421 989 1468; x_wconf 83' lang='lat' dir='ltr'><strong>vellem,</strong></span> <span class='ocrx_word' id='word_1_186' title='bbox 1024 1421 1205 1485; x_wconf 83' lang='lat' dir='ltr'><strong>consequi</strong></span> 
     </span>
     <span class='ocr_line' id='line_1_26' title="bbox 86 1472 1204 1528; baseline -0.001 -14"><span class='ocrx_word' id='word_1_187' title='bbox 86 1475 285 1526; x_wconf 87' lang='lat' dir='ltr'><strong>potuisses,</strong></span> <span class='ocrx_word' id='word_1_188' title='bbox 304 1488 353 1514; x_wconf 92' lang='lat' dir='ltr'><strong>ne</strong></span> <span class='ocrx_word' id='word_1_189' title='bbox 372 1476 454 1525; x_wconf 86' lang='lat' dir='ltr'><strong>ejus</strong></span> <span class='ocrx_word' id='word_1_190' title='bbox 472 1475 628 1525; x_wconf 82' lang='lat' dir='ltr'><strong>ordinis,</strong></span> <span class='ocrx_word' id='word_1_191' title='bbox 649 1488 767 1528; x_wconf 90' lang='lat' dir='ltr'><strong>quem</strong></span> <span class='ocrx_word' id='word_1_192' title='bbox 786 1487 935 1526; x_wconf 89' lang='lat' dir='ltr'><strong>semper</strong></span> <span class='ocrx_word' id='word_1_193' title='bbox 953 1472 1106 1523; x_wconf 89' lang='lat' dir='ltr'><strong>ornasti,</strong></span> <span class='ocrx_word' id='word_1_194' title='bbox 1122 1488 1204 1513; x_wconf 89' lang='lat' dir='ltr'><strong>rem</strong></span> 
     </span>
     <span class='ocr_line' id='line_1_27' title="bbox 86 1528 1204 1581; baseline -0.001 -14"><span class='ocrx_word' id='word_1_195' title='bbox 86 1537 155 1567; x_wconf 88' lang='lat' dir='ltr'><strong>aut</strong></span> <span class='ocrx_word' id='word_1_196' title='bbox 180 1530 416 1568; x_wconf 84' lang='lat' dir='ltr'><strong>voluntatem</strong></span> <span class='ocrx_word' id='word_1_197' title='bbox 446 1530 665 1568; x_wconf 90' lang='lat' dir='ltr'><strong>offenderes.</strong></span> <span class='ocrx_word' id='word_1_198' title='bbox 705 1529 902 1581; x_wconf 87' lang='lat' dir='ltr'><strong>Equidem</strong></span> <span class='ocrx_word' id='word_1_199' title='bbox 926 1541 1004 1567; x_wconf 91' lang='lat' dir='ltr'><strong>non</strong></span> <span class='ocrx_word' id='word_1_200' title='bbox 1032 1528 1109 1567; x_wconf 87' lang='lat' dir='ltr'><strong>des</strong></span> <span class='ocrx_word' id='word_1_201' title='bbox 1098 1541 1204 1567; x_wconf 84' lang='lat' dir='ltr'><strong>mam</strong></span> 
     </span>
     <span class='ocr_line' id='line_1_28' title="bbox 86 1582 1206 1623; baseline 0.001 -2"><span class='ocrx_word' id='word_1_202' title='bbox 86 1589 155 1622; x_wconf 88' lang='lat' dir='ltr'><strong>tua</strong></span> <span class='ocrx_word' id='word_1_203' title='bbox 173 1583 320 1623; x_wconf 86' lang='lat' dir='ltr'><strong>decreta</strong></span> <span class='ocrx_word' id='word_1_204' title='bbox 339 1583 563 1623; x_wconf 87' lang='lat' dir='ltr'><strong>defendere:</strong></span> <span class='ocrx_word' id='word_1_205' title='bbox 595 1583 661 1622; x_wconf 86' lang='lat' dir='ltr'><strong>sed</strong></span> <span class='ocrx_word' id='word_1_206' title='bbox 678 1583 779 1622; x_wconf 75' lang='lat' dir='ltr'><strong>nosti</strong></span> <span class='ocrx_word' id='word_1_207' title='bbox 805 1582 1117 1621; x_wconf 85' lang='lat' dir='ltr'><strong>consuetudinem</strong></span> <span class='ocrx_word' id='word_1_208' title='bbox 1135 1583 1206 1622; x_wconf 94' lang='lat' dir='ltr'><strong>ho-</strong></span> 
     </span>
     <span class='ocr_line' id='line_1_29' title="bbox 87 1636 1205 1698; baseline 0.001 -23"><span class='ocrx_word' id='word_1_209' title='bbox 87 1637 263 1676; x_wconf 86' lang='lat' dir='ltr'><strong>minum:</strong></span> <span class='ocrx_word' id='word_1_210' title='bbox 294 1637 378 1687; x_wconf 90' lang='lat' dir='ltr'><strong>scis,</strong></span> <span class='ocrx_word' id='word_1_211' title='bbox 399 1651 518 1688; x_wconf 90' lang='lat' dir='ltr'><strong>quam</strong></span> <span class='ocrx_word' id='word_1_212' title='bbox 529 1639 692 1690; x_wconf 86' lang='lat' dir='ltr'><strong>graviter</strong></span> <span class='ocrx_word' id='word_1_213' title='bbox 706 1637 852 1675; x_wconf 90' lang='lat' dir='ltr'><strong>inimici</strong></span> <span class='ocrx_word' id='word_1_214' title='bbox 868 1637 942 1689; x_wconf 90' lang='lat' dir='ltr'><strong>ipsi</strong></span> <span class='ocrx_word' id='word_1_215' title='bbox 960 1637 1018 1675; x_wconf 87' lang='grc'>1111</span> <span class='ocrx_word' id='word_1_216' title='bbox 1034 1636 1089 1698; x_wconf 91' lang='lat' dir='ltr'><strong>Q.</strong></span> <span class='ocrx_word' id='word_1_217' title='bbox 1105 1638 1205 1676; x_wconf 85' lang='lat' dir='ltr'><strong>Scae-</strong></span> 
     </span>
     <span class='ocr_line' id='line_1_30' title="bbox 86 1690 1205 1742; baseline 0.001 -13"><span class='ocrx_word' id='word_1_218' title='bbox 86 1692 183 1730; x_wconf 88' lang='lat' dir='ltr'><strong>volae</strong></span> <span class='ocrx_word' id='word_1_219' title='bbox 210 1691 362 1731; x_wconf 85' lang='lat' dir='ltr'><strong>fuerint.</strong></span> <span class='ocrx_word' id='word_1_220' title='bbox 396 1692 490 1730; x_wconf 89' lang='lat' dir='ltr'><strong>Tibi</strong></span> <span class='ocrx_word' id='word_1_221' title='bbox 507 1700 637 1731; x_wconf 89' lang='lat' dir='ltr'><strong>tamen</strong></span> <span class='ocrx_word' id='word_1_222' title='bbox 656 1705 743 1730; x_wconf 90' lang='lat' dir='ltr'><strong>sum</strong></span> <span class='ocrx_word' id='word_1_223' title='bbox 767 1698 912 1741; x_wconf 77' lang='lat' dir='ltr'><strong>auctor,</strong></span> <span class='ocrx_word' id='word_1_224' title='bbox 932 1699 990 1739; x_wconf 91' lang='lat' dir='ltr'><strong>ut,</strong></span> <span class='ocrx_word' id='word_1_225' title='bbox 1015 1690 1046 1729; x_wconf 88' lang='lat' dir='ltr'><strong>si</strong></span> <span class='ocrx_word' id='word_1_226' title='bbox 1064 1691 1205 1742; x_wconf 91' lang='lat' dir='ltr'><strong>quibus</strong></span> 
     </span>
     <span class='ocr_line' id='line_1_31' title="bbox 87 1745 1205 1798; baseline 0 -14"><span class='ocrx_word' id='word_1_227' title='bbox 87 1748 200 1785; x_wconf 88' lang='lat' dir='ltr'><strong>rebus</strong></span> <span class='ocrx_word' id='word_1_228' title='bbox 229 1746 363 1798; x_wconf 89' lang='lat' dir='ltr'><strong>possis,</strong></span> <span class='ocrx_word' id='word_1_229' title='bbox 388 1759 477 1784; x_wconf 91' lang='lat' dir='ltr'><strong>eum</strong></span> <span class='ocrx_word' id='word_1_230' title='bbox 503 1746 572 1784; x_wconf 87' lang='lat' dir='ltr'><strong>tibi</strong></span> <span class='ocrx_word' id='word_1_231' title='bbox 590 1746 762 1784; x_wconf 90' lang='lat' dir='ltr'><strong>ordinem</strong></span> <span class='ocrx_word' id='word_1_232' title='bbox 789 1752 857 1783; x_wconf 91' lang='lat' dir='ltr'><strong>aut</strong></span> <span class='ocrx_word' id='word_1_233' title='bbox 877 1745 1105 1794; x_wconf 54' lang='lat' dir='ltr'><strong>reconcilies,</strong></span> <span class='ocrx_word' id='word_1_234' title='bbox 1137 1753 1205 1784; x_wconf 89' lang='lat' dir='ltr'><strong>aut</strong></span> 
     </span>
     <span class='ocr_line' id='line_1_32' title="bbox 88 1799 1201 1853; baseline 0 -15"><span class='ocrx_word' id='word_1_235' title='bbox 88 1800 250 1852; x_wconf 85' lang='lat' dir='ltr'><strong>mitiges.</strong></span> <span class='ocrx_word' id='word_1_236' title='bbox 281 1801 330 1839; x_wconf 90' lang='lat' dir='ltr'><strong>Id</strong></span> <span class='ocrx_word' id='word_1_237' title='bbox 349 1801 417 1839; x_wconf 85' lang='lat' dir='ltr'><strong>etsi</strong></span> <span class='ocrx_word' id='word_1_238' title='bbox 436 1800 588 1840; x_wconf 88' lang='lat' dir='ltr'><strong>difficile</strong></span> <span class='ocrx_word' id='word_1_239' title='bbox 602 1808 672 1853; x_wconf 86' lang='lat' dir='ltr'><strong>est,</strong></span> <span class='ocrx_word' id='word_1_240' title='bbox 692 1807 821 1839; x_wconf 84' lang='lat' dir='ltr'><strong>tamen</strong></span> <span class='ocrx_word' id='word_1_241' title='bbox 840 1799 938 1839; x_wconf 90' lang='lat' dir='ltr'><strong>mihi</strong></span> <span class='ocrx_word' id='word_1_242' title='bbox 955 1799 1105 1840; x_wconf 89' lang='lat' dir='ltr'><strong>videtur</strong></span> <span class='ocrx_word' id='word_1_243' title='bbox 1123 1813 1201 1839; x_wconf 88' lang='lat' dir='ltr'><strong>esse</strong></span> 
     </span>
     <span class='ocr_line' id='line_1_33' title="bbox 88 1854 550 1907; baseline 0 -13"><span class='ocrx_word' id='word_1_244' title='bbox 88 1855 300 1907; x_wconf 85' lang='lat' dir='ltr'><strong>prudentiae</strong></span> <span class='ocrx_word' id='word_1_245' title='bbox 318 1862 407 1895; x_wconf 87' lang='lat' dir='ltr'><strong>tuae.</strong></span> <span class='ocrx_word' id='word_1_246' title='bbox 436 1854 550 1894; x_wconf 84' lang='lat' dir='ltr'><strong>Vale.</strong></span> 
     </span>
    </p>
   </div>
   <div class='ocr_carea' id='block_1_5' title="bbox 1499 1487 1501 2407">
    <p class='ocr_par' dir='ltr' id='par_1_6' title="bbox 1499 1487 1501 2407">
     <span class='ocr_line' id='line_1_34' title="bbox 1499 1487 1501 2407; baseline 0 0"><span class='ocrx_word' id='word_1_247' title='bbox 1499 1487 1501 2407; x_wconf 95' lang='lat' dir='ltr'><strong> </strong></span> 
     </span>
    </p>
   </div>
  </div>
 </body>
</html>
