1501 2407
323 86 407 125 AD
426 85 725 126 DIVERSOS.
755 87 856 126 111ss.
877 86 958 126 ΙΙΙ.
979 90 1016 125 5.
1184 89 1231 126 (31

166 192 317 233 Tralles
336 195 424 234 veni
442 209 476 234 3.
506 195 544 234 d.
576 196 638 235 VI
660 196 818 234 Calend.
840 196 1016 235 Sextiles.
1050 196 1113 234 lbi
1138 197 1237 235 mihi

109 254 248 299 praesto
265 248 340 287 fuit
358 250 407 288 L.
425 250 601 289 Lucilius
612 264 702 289 cum
715 251 835 289 literis
847 251 1038 289 mandatis
1023 264 1116 302 que
1134 252 1236 295 11115ς

109 314 188 353 quo
219 303 378 354 quidem
414 305 572 344 homine
601 306 798 343 neminem
827 305 1000 356 potuisti,
1038 317 1108 344 nec
1140 318 1193 343 nn
1185 282 1237 344 hi

108 355 342 418 amiciorem,
363 371 432 398 nec
452 362 513 402 (ut
531 359 726 407 arbitror),
744 359 792 397 ad
808 373 852 398 ea
871 360 1131 411 cognoscenda
1150 374 1238 411 quae

109 410 203 448 scire
231 413 423 461 volebam,
463 414 650 465 aptiorem
680 414 1029 466 prudentioremve,
1071 414 1236 452 mittere.

108 464 196 516 Ego
215 474 344 505 autem
365 476 401 506 et
420 475 505 506 tuas
523 469 652 507 literas
666 469 743 520 legi
754 468 931 515 libenter,
948 476 985 507 et
1004 468 1135 507 audivi
1154 469 1236 506 Lu-

107 519 240 558 cilium
266 521 480 573 diligenter.
524 524 658 570 Nunc,
683 523 868 584 quoniam
895 531 933 561 et
958 532 1000 561 tu
1026 523 1081 561 ita
1106 523 1236 569 sentis,

107 573 256 617 (scribis
279 576 397 624 enim,
418 590 506 628 quae
524 577 573 616 de
591 578 729 616 nostris
753 578 885 616 officiis
904 590 974 629 ego
995 577 1044 615 ad
1063 586 1100 615 te
1120 577 1238 629 scrip-

106 628 235 677 serim,
257 630 326 668 etsi
344 631 415 669 tibi
437 631 614 681 jucunda
634 632 792 681 fuerint,
821 639 965 678 tamen,
987 632 1170 683 quoniam
1188 645 1236 670 ex

105 682 184 721 alto
198 685 359 736 repetita
377 685 466 733 sint,
479 698 558 724 non
573 687 784 725 necessaria
799 694 836 725 te
848 684 977 738 11111355
981 695 1017 734 5)
1030 694 1067 724 51
1081 699 1120 724 15
1132 699 1155 723 v
1159 699 1238 733 era,

105 737 332 778 confirmata
346 740 528 789 amicitia,
549 748 587 779 et
601 740 796 793 perspecta
814 740 903 788 fide,
925 741 1238 779 commemoratio

103 791 317 832 officiorum
336 808 476 846 superv
478 808 572 833 35113
585 804 661 841 551;
684 809 769 834 53111
787 803 937 847 partem
949 795 1128 833 orationis
1140 808 1238 846 prae-

105 847 341 886 termittam:
363 849 435 887 tibi
453 857 583 890 tamen
596 863 724 901 agam,
741 858 785 887 ut
805 850 976 901 debeom
953 850 1104 887 oratias.
1135 850 1237 887 Ani-

104 901 293 940 madverti
312 903 416 941 enim
436 911 473 942 et
491 904 607 943 didici
627 918 674 943 ex
693 905 770 942 tuis
784 904 917 952 literis,
939 912 976 942 te
995 904 1205 942 omnibus
1195 916 1235 940 m

105 957 220 994 rebus
234 956 412 996 habuisse
423 957 626 1006 rationem,
642 966 687 996 ut
700 958 798 996 mihi
813 959 1042 1006 consuleres,
1063 958 1237 996 restitue-

104 1021 242 1061 resque
260 1018 297 1049 et
320 1025 553 1064 praeparares
581 1013 869 1064 quodammodo
887 1013 1032 1059 omnia,
1053 1025 1131 1064 quo
1149 1025 1237 1050 mea

103 1064 202 1103 ratio
220 1065 367 1105 facilior
393 1074 430 1105 et
450 1068 608 1106 solutior
634 1081 714 1106 esse
731 1076 869 1119 posset.
912 1068 1001 1105 Hoc
1019 1074 1134 1104 tuum
1153 1066 1237 1104 offi-

102 1118 210 1157 cium
228 1133 319 1159 cum
337 1121 434 1159 mihi
448 1122 712 1172 gratissimum
731 1135 810 1160 esse
835 1122 975 1169 dicam,
998 1121 1172 1173 sequitur
1189 1121 1236 1159 11-

102 1172 187 1222 lud,
208 1182 253 1212 ut
271 1182 309 1213 te
328 1175 548 1214 existimare
567 1177 699 1224 velim,
725 1176 825 1214 mihi
842 1189 995 1227 magnae
1014 1189 1115 1213 curae
1139 1175 1236 1221 fore,

102 1234 222 1279 atque
240 1241 320 1268 &sse
334 1230 432 1279 jam,
453 1230 641 1282 primum,
661 1238 707 1269 ut
734 1230 816 1282 ipse
841 1238 899 1278 tu,
928 1230 1065 1282 tuique
1088 1242 1236 1276 omnes,

103 1281 242 1321 deinde
260 1291 306 1322 ut
334 1284 450 1323 etiam
479 1285 620 1337 reliqui
650 1285 744 1323 scire
773 1284 934 1336 possint,
960 1297 1025 1322 me
1056 1284 1126 1322 tibi
1158 1297 1237 1322 esse

55 1372 57 1375 ,
104 1337 395 1377 311115155111111111.
426 1338 546 1387 Quod
566 1339 708 1391 quibus
727 1339 853 1378 adhuc
871 1351 949 1377 non
969 1337 1060 1377 satis
1080 1346 1135 1376 est
1148 1351 1236 1390 per-

104 1398 292 1444 spectum,
312 1393 342 1431 11
359 1393 458 1432 1111111
490 1394 594 1432 110115
622 1394 747 1445 1113815
779 1406 848 1432 1105
880 1394 952 1431 1105
976 1392 1107 1431 animo
1140 1406 1234 1439 esse,

88 1452 225 1498 'quam
243 1459 322 1486 non
338 1447 566 1499 intelligere,
586 1448 777 1487 videntur.
807 1447 883 1487 Sed
882 1448 1071 1510 ‘profecto
1094 1447 1236 1485 intelli-

102 1507 222 1552 85111;
251 1514 378 1555 neque
407 1503 514 1542 enim
542 1502 713 1542 obscuris
741 1502 927 1555 personis,
948 1514 1018 1541 nec
1046 1502 1174 1552 parvis
1196 1501 1236 1539 in

103 1555 242 1606 causis,
268 1570 328 1596 res
346 1564 495 1609 agetur.
531 1557 610 1597 Sed
635 1558 719 1596 haec
746 1557 828 1596 fieri
845 1557 1001 1605 melius,
1022 1569 1143 1608 quam
1161 1555 1236 1594 dici

103 1616 172 1649 aut
190 1584 318 1659 sci-ibi,
339 1612 437 1650 volo.

158 1664 280 1714 Quod
296 1665 480 1704 itinerum
497 1679 675 1706 meorum
693 1666 789 1705 ratio
808 1673 846 1705 te
864 1663 1119 1704 nonnullam'
1108 1677 1149 1702 m
1164 1663 1238 1702 du-

53 1760 59 1763 ,
102 1717 330 1759 bitationem
343 1720 496 1760 videtur
510 1721 712 1770 adducere,
732 1721 934 1760 visurusne
945 1733 1009 1758 me
1028 1720 1078 1758 sis
1092 1719 1134 1757 in
1147 1732 1238 1771 pro-

102 1773 254 1820 vinciam
276 1788 321 1813 ea
338 1788 398 1814 res
416 1775 469 1814 sic
487 1789 526 1815 se
551 1776 679 1814 habet.
716 1775 919 1814 Brundisii
946 1787 1036 1813 cum
1061 1775 1238 1825 loquerer

104 1839 196 1866 cum
215 1829 380 1879 Phania,
401 1830 538 1868 liberto
557 1838 640 1878 tuo,
662 1830 750 1869 veni
767 1830 808 1868 in
829 1843 919 1869 eum
940 1841 1170 1875 sermonem,
1191 1835 1238 1865 ut

102 1881 284 1931 dicerem,
304 1896 369 1922 me
385 1883 551 1923 libenter
576 1884 627 1922 ad
652 1898 738 1923 eam
765 1892 913 1936 partem
933 1883 1139 1935 provinciae
1158 1882 1238 1932 pri-

103 1948 217 1975 mum
236 1951 316 1977 esse
333 1946 556 1987 venturum,
578 1951 656 1991 quo
683 1946 721 1978 te
747 1939 920 1977 maxime
947 1939 1046 1977 velle
1074 1937 1236 1975 arbitra-

103 2003 177 2029 rer.
205 1991 323 2031 Tunc
339 1993 438 2031 mihi
462 1993 529 2032 ille
547 1993 660 2041 dixit,
688 1993 811 2045 (quod
829 1994 947 2032 classe
963 2000 1008 2030 tu
1028 1992 1144 2031 velles
1170 1991 1236 2028 de-

101 2045 254 2095 cedere)
272 2060 341 2098 per
359 2047 440 2086 fore
457 2047 791 2088 accommodatum
802 2048 888 2095 tibi,
909 2047 941 2086 si
959 2047 1009 2085 ad
1022 2046 1132 2084 illam
1151 2058 1236 2083 ma-

102 2098 276 2139 'ritimam
294 2108 444 2153 partem
455 2102 662 2154 provinciae
672 2103 837 2142 navibus
854 2101 1105 2142 accessissem.
1135 2098 1236 2138 Dixi

104 2164 170 2192 me
201 2168 281 2194 esse
307 2155 526 2196 facturume
555 2157 708 2210 ita-que
736 2157 925 2207 fecissem,
956 2155 1030 2195 nisi
1059 2154 1157 2194 mihi
1184 2153 1234 2191 L.

159 2211 331 2261 (Epist.)
356 2221 464 2250 vor..
487 2223 519 2249 1.
932 2223 961 2248 G
