1481 2422
295 124 377 165 AD
404 124 702 165 DIVERSOS.
733 124 833 164 Lm.
862 125 916 164 X.
951 125 1013 164 18.
1133 124 1212 163 301

92 233 286 283 omnibus,
317 234 485 274 accidere
511 235 620 283 solet,
649 242 695 273 ut
724 233 927 274 consilium
952 247 1128 286 sequerer
1145 246 1212 286 pe-

88 290 296 328 riculosum
314 290 452 341 magis,
473 289 569 328 dum
594 302 657 327 me
681 291 898 341 probarem,
929 301 1047 341 quam
1066 296 1212 336 tutum,

89 344 194 395 quod
207 344 348 383 habere
364 351 491 396 posset
509 344 832 383 obtrectationem.
863 345 1016 395 Itaque,
1037 354 1123 395 post
1138 343 1214 381 dis-

89 411 238 439 cessum
256 399 484 450 legatorum,
507 411 596 437 cum
614 398 715 437 binis
735 398 925 437 continuis
943 398 1061 436 literis
1081 405 1118 435 et
1136 398 1215 436 Le·

88 452 204 504 pidus
229 465 307 500 me,
327 461 373 492 ut
397 453 583 501 venirem,
602 460 766 504 rogaret,
788 460 825 491 et
844 453 1061 491 Laterensis
1088 452 1214 490 multo

89 507 205 545 etiam
224 508 361 559 magis,
377 520 496 559 prope
510 508 734 570 implorans,
749 509 1026 551 obtestaretur3
1056 519 1134 544 non
1154 506 1216 544 ul-

89 561 169 600 lam
197 575 279 600 rem
311 563 428 600 aliam
464 563 729 609 extimescens,
758 575 877 614 quam
911 561 1086 600 eamdem
1109 562 1216 612 (quae

91 616 189 654 mihi
208 630 363 669 quoque
377 616 468 655 facit
486 616 682 666 timorem)
704 617 926 655 varietatem
944 623 1060 668 atque
1078 616 1215 653 infide-

91 671 239 709 litatem
259 671 444 710 exercitfis
463 672 560 721 ejus,
580 684 658 710 non
673 671 930 710 dubitandum
949 670 1097 722 putavi,
1118 670 1214 722 quin

91 738 365 774 succurrerem,
385 739 526 778 meque
541 726 739 765 communi
756 726 925 777 periculo
944 725 1131 763 offerrem.

145 780 321 819 Sciebam
341 780 459 828 enim,
489 781 560 819 etsi
587 781 735 819 cautius
762 780 861 818 illud
889 787 968 818 erat
996 779 1213 828 consilium,

89 842 308 887 exspectare
327 847 392 874 me
410 835 460 873 ad
479 835 642 880 Isaram
663 835 759 873 dum
777 835 926 873 Brutus
946 834 1134 884 trajiceret
1149 848 1215 872 ex-

88 890 265 939 ercitum,
293 897 331 928 et
349 903 438 928 cum
458 890 604 941 collega
624 889 893 937 consentiente,
918 887 1106 938 [exercitu
1125 901 1215 927 con-

86 944 206 992 cordi,
227 952 265 983 et
283 945 382 983 bene
400 943 448 982 de
467 958 507 983 re
525 943 681 996 publica
695 944 914 995 sentiente,]
946 943 1119 981 hostibus
1148 945 1216 982 ob-

88 998 285 1037 viamire:
315 1006 459 1048 tamen,
481 998 512 1037 si
531 999 626 1051 quid
653 998 826 1060 Lepidus
847 999 945 1037 bene
969 997 1132 1036 sentiens
1151 998 1218 1036 de-

86 1053 260 1092 trimenti
278 1054 450 1106 cepisset,
470 1053 543 1092 hoc
560 1066 675 1092 omne
693 1053 930 1104 assignatum
949 1052 996 1090 iri
1015 1061 1083 1090 aut
1100 1052 1218 1103 perti-

86 1108 207 1147 naciae
234 1121 346 1155 meae,
377 1115 446 1147 aut
472 1108 616 1155 timori,
642 1108 834 1155 videbam,
862 1107 893 1146 si
922 1116 990 1146 aut
1018 1106 1216 1145 hominem

86 1162 278 1201 offensum
292 1162 404 1211 mihi,
425 1164 675 1213 conjunctum
688 1175 777 1201 cum
796 1162 1007 1213 republica,
1028 1173 1107 1199 non
1126 1163 1219 1200 sub-

86 1217 290 1266 levassem,
322 1224 390 1256 aut
417 1217 499 1271 ipse
518 1231 542 1256 a
559 1217 766 1256 certamine
792 1217 884 1256 belli
912 1224 993 1255 tam
1018 1215 1218 1255 necessarii

86 1284 152 1311 me
170 1272 428 1311 removissem.

144 1327 285 1379 Itaque
303 1327 430 1379 pot-lus
448 1327 653 1389 periclitari
672 1327 790 1375 volui,
804 1326 835 1365 si
849 1339 1001 1378 possem
1019 1325 1108 1364 me‘a
1120 1339 1219 1377 prae-

89 1381 213 1420 sentia
231 1388 269 1420 et
288 1381 484 1434 Lepidum
503 1382 617 1429 tueri,
640 1389 676 1421 et
705 1381 913 1420 exercitum
940 1381 1063 1419 facere
1081 1380 1212 1418 melio-

90 1449 187 1484 rem,
208 1449 324 1488 quam
345 1436 462 1475 nimis
488 1444 624 1475 cautus
650 1436 779 1475 videri.
821 1435 1088 1475 Sollicitiorem
1118 1441 1218 1472 certe

90 1491 304 1540 hominem,
324 1503 403 1529 non
423 1491 500 1530 suis
528 1492 742 1539 contractis,
758 1490 953 1529 neminem
973 1498 1068 1542 puto
1087 1488 1218 1527 fuisse.

91 1545 215 1595 Nam,
236 1560 324 1598 quae
342 1559 401 1584 res
419 1546 570 1584 nullam
595 1545 734 1584 habeat
761 1544 1041 1584 dubitationem
1060 1543 1091 1582 si
1111 1556 1220 1581 exer-

91 1600 188 1639 citus
209 1600 350 1652 Lepidi
379 1600 492 1648 absit,
519 1614 564 1639 ea
582 1613 686 1638 nunc
702 1612 887 1651 magnam
911 1599 1019 1637 affert
1039 1598 1223 1636 sollicitu-

89 1654 238 1704 dinem,
253 1667 519 1717 magnumque
534 1654 650 1694 habet
668 1667 812 1694 casum.
840 1654 947 1693 Mihi
958 1653 1062 1692 enim
1082 1652 1113 1690 si
1132 1664 1223 1690 con-

90 1709 251 1760 tigisset,
282 1717 328 1748 ut
350 1710 455 1762 prior
473 1722 709 1748 occurrerem
728 1708 917 1755 Antonio,
949 1720 1027 1746 non
1054 1707 1222 1749 (meher-

92 1765 214 1812 cules)
242 1764 379 1803 horam
407 1764 656 1803 constitisset:
687 1771 840 1802 tantum
860 1776 930 1814 ego
949 1770 987 1801 et
1003 1761 1103 1800 mihi
1130 1773 1223 1799 con-

93 1818 186 1868 fido,
207 1826 245 1857 et
262 1819 456 1870 perculsas
474 1818 578 1857 illius
596 1818 740 1871 copias,
760 1817 1012 1870 Ventidiique
1039 1815 1223 1854 mulionis

90 1880 227 1921 castra,
248 1874 425 1925 despicio.

146 1928 223 1968 Sed
251 1940 330 1966 non
359 1940 518 1979 possum
547 1940 627 1966 non
656 1927 932 1989 exhorrescere,
953 1925 985 1964 51
1004 1924 1100 1977 quid
1121 1924 1224 1962 intra

90 1989 221 2020 cutem
240 1984 370 2021 subest
387 1982 538 2031 ulceris,
559 1982 664 2034 quod
681 1982 789 2034 prius
799 1994 934 2020 1108818
946 1987 1084 2033 potest,
1103 1992 1225 2031 quam

92 2036 180 2075 sciri
191 2037 393 2090 curarique
410 2037 542 2089 possit.
573 2036 649 2076 Sed
667 2045 780 2085 certe,
796 2036 871 2074 nisi
889 2047 967 2074 uno
985 2035 1068 2073 loco
1087 2046 1151 2071 me
1169 2041 1226 2072 te-

93 2103 241 2140 nerem,
266 2104 460 2143 magnum
475 2091 693 2144 periculum
717 2091 799 2143 ipse
818 2089 1006 2142 Lepidus,
1037 2100 1226 2139 magnum

92 2158 138 2184 ea
155 2159 245 2198 pars
265 2147 450 2185 exercitus
470 2146 604 2195 adiret,
618 2160 706 2198 quae
723 2148 822 2184 bene
839 2145 888 2183 de
906 2157 947 2182 re
965 2142 1120 2205 publica
1139 2154 1225 2180 sen-

73 2198 154 2238 tit.
197 2200 391 2252 Magnam
421 2201 537 2239 etiam
562 2201 702 2253 perditi
730 2199 857 2239 hostes
883 2198 1133 2238 accessionem
1153 2196 1226 2234 sibi

95 2253 283 2302 fecissent,
304 2255 337 2293 si
355 2269 451 2307 quas
467 2255 592 2308 copias
607 2269 628 2294 a
645 2255 794 2307 Lepido
813 2252 1096 2293 abstraxissent
1125 2250 1227 2299 Quae

148 2310 298 2360 (Epist.
303 2317 317 2357 )
341 2321 368 2347 v
374 2321 448 2348 OL.
472 2321 502 2348 1.
932 2309 958 2346 ·2
979 2317 1009 2344 D
