1501 2407
241 101 321 140 202
414 99 502 139 AD
527 99 830 141 DIVERSOS.
857 100 959 140 LIB.
993 99 1094 140 VII.
1124 100 1191 140 21.

242 207 322 257 dat,
343 208 565 262 perfugium
580 211 817 262 temporibus
833 210 999 258 futuras,
1019 209 1212 248 admonet.
1243 206 1372 260 Scrip-

242 270 283 302 ta
301 271 390 302 ante
408 265 658 316 superiorem,
677 272 723 303 ut
741 265 822 304 dies
840 265 1030 317 adscripta
1047 263 1244 312 ostendit.)

294 373 516 412 Amabih‘or
540 374 639 413 mihi
658 374 772 413 Velia
800 374 889 421 fuit,
921 373 1026 426 quod
1054 380 1092 412 te
1113 373 1162 410 ab
1193 385 1240 411 ea
1266 369 1368 410 sensi

241 428 375 465 amari.
405 427 480 467 Sed
493 429 587 480 quid
607 442 676 480 ego
691 429 817 473 dicam
836 439 888 474 te,
902 441 1018 480 quem
1038 428 1124 480 quis
1137 439 1216 465 non
1230 428 1368 477 amat?

241 482 364 521 Rufio
386 483 552 525 (medius
578 483 692 521 fidius
676 491 709 531 c)
741 493 830 522 tuus
859 483 913 521 113
938 483 1237 528 desiderabatur,
1265 488 1310 519 ut
1335 479 1368 519 si

240 546 337 575 esset
355 549 457 575 unus
477 551 497 575 e
516 538 637 576 nobis.
677 538 753 577 Sed
773 551 842 589 ego
861 546 899 576 te
923 550 1001 576 non
1026 535 1274 589 reprehendo,
1300 534 1370 587 qui

239 590 353 628 illum
369 591 418 629 ad
433 605 464 629 ae
466 591 721 630 dificationem
734 600 843 630 tuam
858 591 1083 630 traduxeris.
1114 590 1369 641 Quamquam

241 645 345 683 enim
365 645 480 684 Velia
499 659 576 684 non
596 654 651 684 est
673 647 783 685 vilior
803 659 922 699 quam
941 645 1147 697 Lupercal,
1168 653 1298 683 tamen
1317 644 1370 682 is-

238 705 304 738 tuc
318 700 436 746 malo,
453 713 572 751 quam
590 701 672 739 haec
690 701 833 739 omnia.
863 701 944 748 Tu,
961 700 992 739 si
1010 713 1073 738 me
1088 699 1234 747 audiae,
1249 711 1368 750 quem

238 754 350 803 soles,
371 754 440 792 1135
459 763 636 805 paternas
654 756 906 807 possessiones
927 754 1086 801 tenebis,
1109 753 1253 806 (nescio
1271 752 1368 804 quid

237 808 342 846 enim
379 809 576 848 Velienses
610 812 854 858 verebantur)
899 822 1027 870 neque
1057 808 1255 856 Heletem,
1292 819 1363 846 no-

236 863 355 901 bilem
386 876 557 913 amnem,
589 865 796 916 relinques,
827 878 896 903 nec
926 863 1174 915 Papirianam
1203 861 1366 900 domum

235 916 408 963 deseres;
440 931 682 980 quamquam
697 919 765 958 illa
780 919 938 971 quidem
956 919 1073 957 habet
1090 918 1233 978 lotum,
1243 930 1267 955 a
1284 928 1364 969 quo

235 971 351 1010 etiam
381 970 537 1010 advenae
566 973 685 1012 teneri
718 974 865 1012 solent.
906 986 1025 1026 quem
1051 979 1182 1011 tamen
1204 971 1237 1010 si
1261 970 1364 1010 exci-

233 1025 347 1074 deris,
370 1027 542 1065 multum
561 1029 812 1080 prospexeris.

240 1109 242 1111 v
288 1081 393 1120 Sed
383 1094 423 1119 1n
443 1082 577 1133 primis
596 1093 858 1134 opportunum
878 1082 1042 1130 videtur,
1070 1081 1132 1121 his
1150 1079 1363 1133 praesertim

234 1136 484 1187 temporibus,
511 1136 652 1176 habere
677 1137 915 1199 perfugium,
935 1137 1108 1189 primum
1137 1148 1268 1174 eorum
1296 1148 1364 1173 ur-

233 1191 337 1238 bem,
366 1190 507 1242 quibus
527 1205 636 1230 carus
657 1193 733 1238 sis;
764 1193 900 1230 deinde
926 1200 1035 1230 tuam
1060 1191 1236 1237 domum,
1257 1196 1363 1228 tuos-

233 1257 310 1296 que
328 1258 452 1296 agros,
474 1259 594 1297 eaque
613 1254 773 1295 remoto,
802 1247 960 1295 salubri,
990 1258 1141 1285 amoeno
1163 1246 1271 1283 loco:
1302 1243 1363 1282 id-

232 1312 308 1350 que
328 1299 444 1337 etiam
471 1301 560 1338 mea.
584 1301 778 1349 interesse,
804 1302 861 1339 mi
879 1301 1053 1348 Trebati,
1074 1300 1246 1338 arbitror.
1286 1297 1365 1338 Sed

231 1353 388 1400 valebis,
405 1367 567 1406 meaque
586 1356 738 1406 negotia
756 1355 925 1401 videbi53
946 1368 1101 1407 meque,
1118 1354 1206 1393 Diis
1221 1354 1364 1403 juvan-

230 1407 349 1455 tibus,
370 1421 459 1447 ante
476 1411 658 1448 brumam
684 1411 931 1462 exspectabis.
961 1409 1048 1460 Ego
1068 1423 1092 1448 a
1110 1410 1199 1448 Sex.
1221 1408 1360 1458 Fadio,

232 1462 393 1500 Niconis
419 1463 620 1515 discipulo,
649 1464 794 1503 librum
812 1465 969 1513 abstuli,
1001 1471 1158 1506 Νικωνῡς
1185 1478 1266 1512 περι
1288 1469 1362 1500 Πο-

231 1522 428 1567 λυφαγιας.
466 1517 505 1556 O
526 1518 718 1557 medicum
740 1519 924 1557 suavem!
956 1531 1096 1570 meque
1118 1516 1282 1556 docilem
1309 1516 1360 1556 ad

229 1570 330 1609 hanc
348 1570 588 1624 disciplinam
606 1573 615 1610 Ξ
652 1573 728 1612 Sed
751 1574 898 1612 Bassus
920 1581 1047 1611 noster
1065 1585 1129 1610 me
1154 1571 1202 1610 de
1220 1571 1294 1609 hoc
1313 1572 1364 1610 li-

230 1625 300 1663 bro
326 1626 486 1665 celavit:
518 1635 555 1665 te
582 1627 740 1679 quidem
766 1641 844 1666 non
874 1628 1036 1667 videtur.
1065 1627 1219 1665 Ventus
1240 1626 1365 1666 incre-

229 1679 378 1719 brescit.
409 1681 514 1720 Cura
533 1690 576 1720 ut
591 1683 731 1721 valeas.
760 1682 875 1721 XIII
895 1683 1107 1731 03150111.
1128 1680 1258 1720 Velia.

367 1843 481 1895 (21.)
522 1845 735 1885 CICERO
766 1845 1072 1886 TREBATIO
1101 1845 1141 1885 S.
1162 1844 1216 1883 D.

281 1955 611 2005 (Argumentum.
624 1980 679 1986 -
691 1956 790 2003 Silii,
812 1955 926 1995 amici
945 1954 1019 2003 sui,
1041 1967 1196 1994 causam
1211 1955 1363 1996 Treba-

227 2008 280 2046 tio
299 2011 558 2059 commendat,
580 2019 623 2049 ut
643 2011 693 2050 ad
712 2024 802 2049 eum
822 2010 965 2058 veniat,
987 2017 1025 2048 et
1043 2009 1231 2059 adjuvet.)

277 2116 363 2156 Silii
395 2132 552 2159 causam
582 2126 620 2159 te
645 2119 770 2159 docui.
813 2120 855 2158 Is
880 2126 1012 2171 postea
1040 2117 1116 2157 fuit
1145 2119 1251 2171 apud
1276 2133 1354 2160 me.

222 2171 328 2210 Cum
361 2172 396 2210 ei
425 2174 606 2223 dicerem,
635 2175 706 2214 tibi
731 2173 850 2213 videri
875 2173 1121 2226 sponsionem
1146 2173 1256 2212 1113111
1283 2187 1354 2214 1105

220 2225 302 2264 51110
326 2227 496 2278 periculo
519 2228 644 2269 facere
666 2242 789 2281 posse,
819 2229 847 2251 ‘⁶
868 2228 926 2267 Ni
950 2229 1143 2266 bonorum
1161 2227 1354 2281 Turpiliae

219 2281 497 2331 possessionem
525 2283 577 2332 Q.
610 2284 744 2336 Caepio
774 2290 914 2335 praetor
939 2295 988 2321 ex
1011 2280 1133 2323 edicto
1156 2295 1226 2322 suo
1254 2282 1354 2322 mihi
