1501 2407
329 100 410 143 AD
438 100 737 141 DIVERSOS.
768 100 869 139 Lm.
891 101 941 140 V.
978 103 1041 140 12.
1174 107 1250 150 127

116 211 196 251 stiti
212 209 443 263 praedicare:
465 223 535 249 nec
548 209 652 248 enim
671 217 714 248 tu
733 210 832 248 mihi
850 210 1021 249 habuisti
1034 213 1150 252 modo
1163 228 1251 265 gra-

116 266 227 313 tiam,
247 277 382 304 verum
410 264 526 302 etiam
555 264 859 303 cumulatissime
886 265 1061 304 retulisti.
1096 267 1251 316 Quam-

117 321 265 367 obrem,
295 318 453 370 reliquis
475 318 552 357 tuis
571 320 685 357 rebus
704 319 898 367 omnibus,
919 320 1004 371 pari
1028 333 1092 360 me
1122 323 1250 362 studio

118 387 208 425 erga
234 381 272 412 te
299 380 337 411 et
365 373 501 411 eadem
526 373 722 412 voluntate
750 386 962 424 cognosces.
1003 375 1123 423 Quod
1150 377 1249 415 mihi

116 427 302 466 feminam
313 427 552 478 primariam,
570 427 813 479 Pompeiam,
826 441 988 467 uxorem
1003 437 1127 478 tuam,
1145 444 1249 469 com-

116 482 278 521 mendas
293 495 306 528 ;
336 494 426 520 cum
445 483 546 520 Sura
563 489 694 520 nostro
717 482 862 529 statim,
891 483 967 521 tuis
985 484 1104 522 literis
1122 485 1245 533 lectis,

118 537 270 575 locutus
288 549 391 584 sum,
418 544 463 574 ut
482 536 516 574 ei
540 536 637 574 meis
655 536 780 575 verbis
799 536 953 587 diceret,
977 545 1036 587 ut,
1057 539 1250 592 quidquid

117 604 214 643 opus
242 598 351 638 esset,
381 590 479 628 mihi
506 590 774 629 denuntiaret:
815 604 878 630 me
906 593 1050 639 onmia,
1089 607 1177 645 quae
1205 608 1250 633 ea

117 645 245 693 vellet,
270 657 423 683 summo
442 645 569 683 studio
587 645 759 696 curaque
778 646 972 684 facturum
991 661 1000 684 :
1023 648 1172 700 ita-que
1190 650 1249 688 fa-

115 699 242 746 ciam3
272 712 448 750 eamque,
477 699 509 738 si
535 713 632 751 opus
661 713 741 738 esse
766 700 971 747 videbitur,
1000 701 1081 753 ipse
1109 716 1247 742 conve-

114 754 233 792 niam.
264 754 330 792 Tu
350 762 480 792 tamen
495 754 530 792 ei
548 754 665 792 velim
680 755 833 802 scribas,
853 763 897 794 ut
909 756 1059 794 nullam
1078 770 1160 795 rem
1179 771 1251 796 ne-

117 822 193 861 que
223 816 303 846 tam
333 821 518 859 magnam
547 821 675 860 neque
707 816 788 847 tam
817 823 978 861 parvam
1003 819 1129 862 putet,
1159 826 1249 864 quae

115 863 214 901 mihi
243 869 312 901 aut
336 862 514 911 difficilis,
545 871 612 901 aut
641 877 781 914 parum
811 876 875 902 me
898 864 1029 916 digna,
1060 866 1245 906 videatur.

115 917 277 967 Omnia,
309 931 397 969 quae
425 917 467 955 in
496 917 573 956 tuis
600 919 715 956 rebus
739 931 869 969 agam,
894 926 931 957 et
953 932 1029 957 non
1055 920 1246 960 laboriosa

113 972 226 1022 mihi,
258 979 296 1010 et
322 972 496 1020 honesta,
523 971 768 1011 videbuntur.
810 972 873 1011 De
896 973 1100 1025 Dionysio,
1129 976 1160 1014 si
1182 989 1247 1015 me

113 1039 235 1076 amas,
256 1026 409 1065 confice.
448 1026 751 1078 Quamcumque
770 1026 804 1064 ei
823 1027 939 1066 fidem
958 1028 1118 1076 dederis,
1144 1044 1244 1082 prae-

115 1083 236 1120 stabo.
266 1081 309 1120 Si
331 1094 418 1120 vero
444 1080 644 1133 improbus
671 1081 789 1120 fuerit
812 1082 876 1133 (ut
894 1081 985 1132 est),
1010 1083 1124 1122 duces
1151 1098 1242 1124 eum

114 1133 353 1188 [captivum]
374 1135 415 1173 in
434 1135 644 1187 triumpho.
671 1135 866 1174 Dalmatis
882 1136 951 1175 Dii
966 1138 1067 1176 male
1085 1138 1242 1189 faciant,

112 1190 182 1242 qui
200 1190 271 1230 tibi
295 1189 448 1228 molesti
470 1198 572 1229 sunt.
614 1189 704 1238 Sed,
729 1198 773 1228 ut
793 1191 939 1240 scribis,
959 1192 1067 1230 brevi
1092 1194 1245 1246 capien-

112 1251 190 1293 tur,
222 1253 260 1284 et
287 1244 536 1282 illustrabunt
568 1257 627 1282 res
658 1253 744 1283 tuas
767 1252 915 1296 gestas:
956 1259 1105 1299 semper
1136 1249 1241 1288 enim

111 1297 233 1339 habiti
251 1306 343 1339 sunt
360 1298 541 1338 bellicosi.
572 1298 686 1338 Vale.

206 1465 322 1521 (12.)
353 1466 416 1506 M.
430 1467 475 1506 C.
505 1468 545 1507 S.
560 1466 614 1505 D.
644 1465 694 1505 L.
719 1464 988 1515 LUCCEIO,
1019 1463 1071 1513 Q.
1088 1463 1135 1503 F.

168 1576 498 1630 (Argumentum.
512 1600 564 1606 —
579 1575 808 1625 Lucceium,
838 1574 1087 1614 historiarum
1124 1571 1243 1624 scrip-

112 1639 251 1680 torem,
277 1639 400 1683 rogat,
425 1640 471 1670 ut
494 1631 542 1670 de
563 1633 678 1670 rebus
701 1630 794 1677 suis,
822 1629 863 1668 in
886 1629 1087 1668 consulatu
1110 1629 1242 1679 gestis,

111 1693 150 1724 et
180 1686 229 1725 de
259 1686 395 1725 exsilio
426 1686 643 1738 redituque,
679 1685 913 1736 singularem
947 1690 1247 1735 separatumque

109 1740 254 1779 librum
287 1741 473 1780 conficiat.
516 1742 622 1792 Ipse,
642 1739 694 1779 ad
718 1739 914 1786 Atticum,
951 1738 1029 1786 IV,
1064 1738 1104 1786 6,
1142 1737 1245 1775 hanc

109 1797 139 1818 “
162 1795 274 1834 valde
302 1796 474 1835 bellam'’
512 1795 715 1847 epistolam
744 1793 858 1843 dixit,
898 1793 992 1845 quia
1021 1791 1130 1831 omni
1159 1798 1242 1830 arte

109 1863 204 1890 usus
222 1858 293 1899 est,
317 1857 362 1889 ut
379 1850 548 1889 Lucceio
564 1848 822 1902 persuadeat.)

159 1959 302 1999 Coram
333 1973 398 1999 me
422 1967 552 1999 tecum
573 1958 709 1998 eadem
731 1957 814 1996 haec
837 1971 949 2009 agere
972 1969 1072 2008 saepe
1098 1968 1240 1995 conan-

103 2021 182 2054 tem
201 2014 385 2053 deterruit
401 2014 527 2066 pudor
545 2013 720 2066 quidam,
740 2025 850 2065 paene
868 2012 1132 2056 subrusticus;
1154 2023 1244 2062 quae

103 2082 208 2108 nunc
223 2082 448 2121 expromam
467 2071 603 2107 absens
617 2067 812 2106 audacius.
842 2067 1020 2118 Epistola
1038 2065 1143 2104 enim
1160 2077 1239 2103 non

111 2124 310 2162 erubescit.
358 2124 493 2163 Ardeo
522 2122 729 2175 cupiditate
761 2121 990 2169 incredibili,
1021 2132 1161 2172 neque,
1195 2126 1242 2157 ut

105 2192 176 2230 ego
190 2179 365 2227 arbitror,
375 2177 700 2230 reprehendenda,
714 2189 856 2215 nomen
871 2184 916 2214 ut
930 2183 1103 2214 nostrum
1119 2173 1240 2224 scrip-

107 2233 154 2272 tis
172 2233 383 2272 illustretur
402 2242 439 2272 et
457 2233 668 2272 celebretur
680 2231 767 2271 tuis.
798 2231 917 2280 Quod
937 2231 1007 2270 etsi
1021 2229 1118 2268 mihi
1139 2241 1254 2279 saepe,
