1501 2407
260 91 344 135 AD
373 91 670 134 DIVERSOS.
703 93 804 134 Lm.
827 95 926 136 VII.
963 98 1021 136 ll.
1142 97 1218 137 193

96 201 230 241 dares:
261 214 500 253 quamquam
521 214 585 240 vos
603 212 708 239 nunc
724 201 808 240 istie
835 201 926 240 satis
945 202 1066 241 calere
1084 202 1212 240 audio.

97 257 191 304 Quo
208 256 364 308 quidem
387 255 527 294 nuntio
544 255 656 294 valde
683 255 934 307 (mehercule)
955 257 1002 295 de
1021 263 1058 294 te
1076 256 1217 294 timue-

92 323 190 349 ram.
219 310 294 350 Sed
308 317 352 348 tu
370 310 411 348 in
429 323 470 349 re
487 311 646 348 militari
664 311 790 349 multo
810 324 848 349 es
863 310 1021 357 cautior,
1042 323 1161 362 quam
1173 311 1214 348 in

90 364 426 410 advocationibus3
457 364 525 416 qui
543 377 668 416 neque
692 365 733 402 in
754 364 909 403 Oceano
928 373 1059 403 natare
1084 365 1215 403 volue-

90 419 156 466 ris,
176 418 474 458 studiosissimus
492 419 609 457 homo
626 418 799 467 natandi,
819 431 945 471 neque
963 427 1132 471 spectare
1158 432 1215 457 es-

91 473 269 522 sedarios,
291 486 408 525 quem
427 481 539 512 antea
557 486 606 512 ne
627 471 859 526 [andabata]
881 474 1039 526 quidem
1059 473 1213 512 defrau-

93 527 184 567 dare
200 535 434 579 poteramus.

139 582 217 622 Sed
230 583 314 632 jam
326 582 415 620 satis
431 582 548 632 jocati
562 594 707 621 sumus.
736 582 825 634 Ego
839 581 887 621 de
901 589 939 621 te
957 582 1006 621 ad
1019 582 1211 621 Caesarem

81 649 202 689 quam
221 637 424 688 diligenter
449 637 676 688 scripserim,
705 644 788 675 tute
818 637 913 683 scis;
945 650 1064 689 quam
1095 650 1209 688 saepe,

81 704 164 743 ego.
208 691 284 731 Sed
304 689 559 744 (mehercule)
577 692 660 741 jam
678 690 972 739 intermiseram,
993 704 1042 730 ne
1061 690 1210 730 viderer

82 745 340 785 liberalissimi
354 745 535 793 hominis,
557 745 711 797 meique
731 746 1000 793 amantissimi,
1021 746 1211 784 voluntati

84 813 174 852 erga
197 813 262 838 me
279 800 460 838 diffidere.
502 800 578 839 Sed
596 807 725 838 tamen
746 800 806 838 his
824 801 957 848 literis,
978 814 1074 852 quas
1092 813 1211 852 prox-

83 855 162 893 ime
189 854 292 902 dedi,
313 854 444 907 putavi
465 867 546 893 esse
564 854 762 893 hominem
782 855 1119 893 commonendum.
1159 854 1210 893 Id

83 908 168 948 feci.
197 909 307 957 Quid
325 908 563 960 profecerim,
584 909 700 948 facias
718 921 782 946 me
801 910 917 947 veiim
937 909 1149 957 certiorem,
1171 916 1209 948 et

82 963 200 1002 simul
223 963 272 1002 de
295 971 376 1001 toto
395 970 496 1001 statu
515 970 583 1002 tuo
602 963 844 1015 consiliisque
872 964 1064 1002 omnibus.
1104 963 1208 1003 Scire

81 1019 185 1056 enim
204 1018 330 1070 cupio,
352 1017 445 1068 quid
457 1030 562 1068 agas,
577 1017 671 1069 quid
691 1025 882 1069 exspectes
885 1047 895 1066 ,
914 1031 1032 1070 quam
1044 1019 1207 1069 longum

79 1072 198 1111 istum
217 1080 327 1110 tuum
349 1071 555 1110 discessum
586 1086 609 1110 a
631 1072 742 1110 nobis
768 1072 946 1110 futurum
975 1080 1101 1124 putes.
1141 1072 1204 1111 Sic

81 1127 185 1165 enim
205 1126 275 1165 tibi
293 1126 521 1178 persuadeas
540 1127 670 1174 velim,
690 1139 816 1164 unum
844 1127 942 1165 mihi
970 1140 1049 1165 esse
1077 1127 1207 1165 solati-

79 1194 163 1228 um,
178 1194 296 1232 quare
310 1180 458 1218 facilius
471 1180 616 1232 possim
628 1180 710 1233 pati
721 1188 758 1219 te
770 1194 847 1219 esse
860 1182 941 1220 sine
955 1181 1078 1228 nobis,
1089 1181 1120 1219 si
1135 1181 1205 1219 tibi

77 1247 160 1275 esse
177 1235 217 1273 id
247 1235 509 1273 emolumento
539 1235 657 1280 sciam
673 1250 683 1273 z
714 1235 772 1273 sin
803 1243 933 1274 autem
955 1236 996 1274 id
1024 1248 1103 1274 non
1133 1244 1204 1285 est,

74 1289 176 1328 nihil
194 1290 345 1328 duobus
363 1290 474 1328 nobis
494 1296 551 1328 est
570 1289 752 1335 stultius;
782 1302 860 1337 me,
881 1291 950 1342 qui
968 1298 1006 1328 te
1023 1302 1101 1328 non
1122 1290 1204 1328 Ro-

73 1355 182 1383 mam
198 1343 414 1389 attraham;
446 1352 497 1391 te,
518 1344 588 1396 qui
606 1356 684 1382 non
703 1344 780 1382 huc
798 1344 961 1383 advolae.
991 1345 1084 1383 Una
1101 1345 1202 1396 (me-

75 1397 248 1449 hercule)
264 1405 392 1437 nostra
406 1399 466 1437 vel
482 1411 609 1437 severa
628 1398 689 1437 vel
704 1398 834 1448 jocosa
853 1398 1064 1450 congressio
1081 1398 1204 1451 pluris

73 1453 157 1501 erit,
173 1466 294 1505 quam
312 1465 391 1492 non
408 1452 524 1491 modo
548 1453 689 1500 hostes,
710 1452 776 1491 sed
795 1453 909 1491 etiam
929 1454 1064 1492 fratres
1082 1453 1202 1491 nostri

73 1508 211 1546 AEdui.
265 1507 414 1557 Quare,
444 1507 625 1546 omnibus
644 1507 692 1546 de
709 1509 824 1546 rebus
842 1508 903 1547 fac
921 1515 966 1547 ut
984 1520 1104 1560 quam
1122 1507 1205 1560 pri-

71 1574 184 1602 mum
202 1562 363 1601 sciam.‘’

128 1619 157 1640 “
171 1616 260 1656 Aut
278 1615 522 1666 consolando,
539 1623 608 1655 aut
628 1615 800 1665 consilio,
820 1623 887 1656 aut
902 1630 942 1656 re
956 1616 1134 1668 juvero.'’

277 1777 392 1831 (11.)
419 1778 635 1820 CICERO
665 1779 985 1820 TREBATIO.

129 1889 457 1938 (Argumentum.
473 1889 701 1927 —Jocatur
729 1889 902 1941 primum
940 1889 988 1928 de
1013 1889 1198 1941 interreg-

69 1943 153 1982 nis:
184 1942 321 1981 deinde
339 1943 486 1992 suadet,
503 1943 535 1981 si
554 1957 574 1982 e
587 1957 628 1982 re
642 1944 712 1982 sua
727 1944 789 1992 sit,
810 1951 964 1982 maneat
982 1943 1087 1996 apud
1108 1943 1196 1983 Cae-

68 2010 220 2044 sarem;
250 1997 310 2035 sin
329 1997 473 2047 minus,
494 1998 666 2037 Romam
684 2011 725 2037 se
744 1999 936 2051 recipian)

116 2105 206 2145 Nisi
231 2113 320 2145 ante
345 2106 476 2145 Roma
494 2106 687 2159 profectus
706 2120 817 2153 esses,
845 2120 949 2146 nunc
974 2120 1059 2146 eam
1089 2114 1189 2145 certe

62 2161 310 2213 relinqueres.
351 2160 452 2209 Quis
472 2162 590 2210 enim,
611 2169 669 2200 tot
686 2161 925 2213 interregnis,
954 2162 1195 2211 jureconsul-

64 2226 150 2257 tum
186 2215 406 2254 desiderat?
442 2215 530 2268 Ego
566 2216 760 2264 omnibus,
794 2216 897 2255 unde
929 2217 1087 2267 petitur,
1121 2215 1195 2254 hoe

114 2272 282 2321 (Epist.)
303 2281 409 2309 vor..
434 2283 461 2309 1.
878 2284 896 2308 s
