1501 2407
188 102 240 138 22
414 100 498 139 AD
527 100 825 141 DIVERSOS.
855 101 958 139 LIB.
978 100 1013 140 Ι.
1043 102 1083 142 9.

186 220 276 246 cum
290 207 339 247 de
355 220 419 247 me
438 222 582 261 ageres,
598 209 665 248 sed
679 208 795 248 etiam
814 208 1048 249 confirmasti
1064 215 1181 262 atque
1198 214 1310 248 tenu-

192 270 270 300 1st1.

242 316 337 364 Qua
361 316 402 355 in
429 317 544 357 causa
571 320 666 361 (non
691 317 807 356 modo
829 329 906 356 non
928 319 1089 369 negabo,
1109 316 1176 356 sed
1197 316 1313 356 etiam

187 383 338 422 semper
356 379 394 409 et
411 372 638 421 meminero,
663 379 701 411 et
723 372 938 423 praedicabo
962 372 1141 419 libenter)
1160 383 1254 410 usus
1273 384 1312 409 es

186 425 420 475 quibusdam
439 426 685 464 nobilissimis
702 426 938 474 hominibus,
953 425 1171 464 fortioribus
1188 425 1228 463 in
1249 437 1313 462 me

187 479 436 527 restituendo,
457 493 576 532 quam
594 480 746 518 fuerant
763 480 882 518 iidem
896 480 937 518 in
956 479 1143 518 tenendo:
1174 479 1254 530 qu‘ssa
1271 479 1314 516 in

188 533 376 571 sententia
405 534 437 572 si
468 542 639 572 constare
657 534 880 582 voluissent,
911 546 1020 572 suam
1049 534 1314 571 auctoritatem

188 586 306 624 simul
325 600 414 626 cum
434 588 556 626 salute
570 588 657 626 mea
670 588 964 640 recuperassent.
995 587 1190 626 Recreatis
1209 587 1313 625 enim

187 640 297 679 bonis
315 641 405 680 viris
421 643 620 680 consulatu
639 650 720 690 tuo,
734 650 774 680 et
789 641 1100 680 constantissimis
1113 649 1228 692 atque
1245 653 1315 692 op-

186 695 291 733 timis
310 695 521 734 actionibus
540 696 616 734 tuis
644 696 829 745 excitatis,
851 696 923 735 Cn.
950 695 1136 746 Pompeio
1153 707 1314 747 praffier-

187 749 258 786 tim
290 748 341 786 ad
363 762 518 788 causam
537 750 742 800 adjuncw3
772 763 862 788 cum
887 750 1003 788 etiam
1029 750 1171 796 Caesar,
1198 750 1314 787 rebus

186 802 368 841 maximis
387 804 519 854 gestiS,
540 805 797 855 singularibus
814 811 970 841 ornatus
982 810 1019 841 et
1034 804 1142 842 novis
1155 803 1312 841 honori-

187 857 260 893 bus
279 870 322 895 ae
337 858 491 906 judiciis
510 861 677 905 senatus,
704 858 754 896 ad
776 858 1042 896 auctoritatem
1064 858 1146 906 ejus
1168 856 1313 895 ordinis

184 910 485 962 adjungeretur;
506 912 606 949 nulli
619 912 796 973 improbo
814 911 888 950 civi
905 912 1012 950 locus
1029 911 1080 950 ad
1097 910 1312 963 rempubli-

185 976 270 1002 cam
290 965 509 1003 violandam
529 979 609 1004 esse
626 966 823 1017 potuisset.

238 1018 314 1056 Sed
333 1019 500 1067 attende,
522 1033 665 1071 quaeso,
686 1033 774 1071 quae
785 1026 875 1057 sunt
886 1027 1098 1058 consecuta.
1129 1018 1308 1057 Primum

183 1072 250 1109 issa
269 1072 370 1110 furia
389 1074 638 1112 muliebrium
658 1074 903 1125 religionum,
931 1073 1000 1125 qui
1018 1086 1095 1111 non
1113 1072 1235 1125 pluris
1253 1072 1310 1111 fe-

183 1134 284 1164 cerat
304 1127 457 1165 Bonam
470 1128 612 1173 Deam,
629 1141 748 1178 quam
767 1136 841 1166 tres
861 1140 1018 1176 sorores,
1035 1127 1309 1179 impunitatem

180 1188 236 1218 est
265 1180 422 1219 illorum
456 1182 652 1220 sententiis
677 1190 885 1229 assecutus,
906 1181 974 1232 qui
1000 1186 1107 1224 (cum
1131 1181 1310 1219 tribunus

180 1234 302 1285 plebis
321 1248 450 1286 poenas
475 1249 499 1274 a
517 1236 691 1274 seditioso
719 1235 793 1274 civi
811 1249 880 1287 per
908 1237 1030 1274 bonos
1048 1235 1147 1273 viros
1162 1234 1308 1284 judicio

178 1290 357 1341 persequi
375 1290 506 1338 vellet)
526 1290 750 1341 exemplum
768 1289 1105 1341 praeclarissimum
1122 1289 1164 1327 in
1182 1296 1307 1340 poste-

178 1355 267 1380 rum
286 1343 523 1382 vinzlicandae
549 1344 741 1382 seditionis
762 1344 809 1382 de
828 1343 1024 1394 republica
1042 1343 1304 1382 sustulerunt:

178 1396 373 1448 iidemque
384 1406 527 1448 postea,
544 1410 622 1436 non
634 1410 767 1436 meum
781 1398 1079 1446 monimentum,
1094 1400 1189 1441 (non
1204 1397 1308 1435 enim

178 1450 256 1489 illae
288 1451 484 1490 manubiae
513 1465 624 1499 meae,
645 1452 712 1490 sed
739 1452 863 1503 operis
889 1452 1026 1490 locatio
1051 1464 1138 1490 mea
1163 1451 1308 1499 fuerat)

177 1505 461 1543 monimentum
476 1519 564 1544 vero
583 1509 749 1554 senatus,
762 1506 892 1545 hostili
910 1506 1066 1544 nomine
1085 1513 1123 1544 et
1142 1505 1307 1543 cruentis

177 1558 350 1597 inustum
364 1560 482 1598 literis
502 1573 580 1599 esse
594 1560 695 1611 passi
706 1568 808 1598 sunt.
838 1560 920 1608 Qui
934 1573 998 1597 me
1015 1559 1190 1598 homines
1202 1559 1307 1610 quod

179 1614 329 1651 salvum
359 1627 438 1652 esse
463 1615 681 1661 voluerunt,
707 1621 764 1652 est
789 1614 888 1652 mihi
915 1614 1204 1664 gratissimum:
1239 1613 1306 1651 sed

177 1668 331 1715 vellem,
352 1679 429 1705 non
449 1668 575 1706 solum
594 1668 728 1706 salutis
747 1681 857 1716 meae,
873 1667 1204 1719 quemadmodum
1222 1680 1305 1705 me-

175 1721 264 1768 dici,
285 1721 363 1768 sed,
385 1729 429 1759 ut
447 1722 588 1773 aliptae,
609 1722 724 1760 etiam
737 1722 877 1760 virium
898 1730 935 1760 et
954 1722 1101 1769 coloris,
1117 1721 1304 1759 rationem

175 1774 315 1813 habere
334 1775 563 1814 voluissent:
585 1788 702 1823 nunc,
723 1783 768 1813 ut
785 1776 944 1827 Apelles
960 1776 1120 1814 Veneris
1135 1783 1250 1826 caput
1267 1782 1306 1813 et

176 1841 330 1867 summa
354 1830 514 1880 pectoris
544 1829 773 1880 politissima
803 1838 883 1868 arte
910 1829 1082 1881 perfecit,
1112 1829 1302 1881 reliquam

176 1890 327 1934 partem
353 1883 518 1935 corporis
542 1883 761 1922 inchoatam
790 1884 958 1935 reliquit,
984 1883 1036 1922 sic
1055 1883 1215 1935 quidam
1233 1883 1304 1921 ho-

175 1937 299 1975 mines
328 1937 369 1974 in
401 1938 524 1988 capite
553 1950 641 1976 meo
666 1938 792 1976 solum
820 1938 1078 1986 elaborarunt,
1110 1937 1304 1988 reliquum

175 2004 312 2042 corpus
330 1991 600 2042 imperfectum
621 2004 664 2029 ac
683 1990 778 2029 rude
794 1991 1045 2043 reliquerunt.
1074 1992 1124 2030 In
1136 2003 1214 2042 quo
1232 2004 1305 2042 ego

176 2058 283 2096 spem
302 2045 422 2083 fefelli
440 2058 518 2084 non
538 2045 654 2084 modo
667 2044 903 2093 invidorum,
920 2045 986 2083 sed
998 2045 1114 2083 etiam
1129 2044 1304 2083 inimico-

174 2112 263 2137 rum
277 2112 479 2145 meorum;
500 2100 569 2152 qui
580 2100 627 2138 de
641 2112 719 2137 uno
733 2099 916 2138 acerrimo
939 2107 975 2137 et
987 2099 1194 2138 fortissimo
1205 2098 1302 2146 viro,

175 2165 338 2205 meoque
353 2153 514 2203 judicio,
533 2152 710 2192 omnium
728 2152 997 2204 magnitudine
1015 2153 1137 2191 animi
1156 2160 1195 2191 et
1213 2165 1304 2191 con-

177 2207 316 2246 stantia
334 2207 662 2259 praestantissimo,
675 2206 728 2255 Q.
743 2206 921 2257 Metello,
939 2206 1052 2246 Lucii
1071 2206 1166 2256 filio,
1179 2218 1304 2258 quon-
