1481 2422
167 131 254 178 3594
354 129 436 168 AD
466 129 764 171 DIVERSOS.
796 130 896 169 1113.
918 130 1020 170 XII.
1047 131 1113 169 30.

167 238 370 277 dubitavit.
406 239 476 278 Ad
500 239 581 278 haec
599 239 735 287 officia,
757 239 817 278 vel
835 239 972 277 merita
988 239 1130 291 potius,
1147 238 1288 288 jucun-

169 292 328 331 dissima
358 293 591 332 consuetudo
620 293 776 341 accedit,
803 300 849 331 ut
877 293 986 331 nullo
1020 305 1175 345 prorsus
1201 292 1290 344 plus

167 346 325 385 homine
343 346 515 386 delecter.

220 401 315 439 Non
332 409 427 452 puto
446 408 483 440 te
497 403 581 451 jam
600 408 830 453 exspectare,
851 401 992 453 quibus
1010 413 1100 439 eum
1119 400 1189 440 tibi
1203 413 1287 439 ver-

167 455 227 493 bis
253 455 546 494 commendemz
577 469 708 495 causas
734 455 838 494 enim
862 455 960 494 tanti
984 455 1124 493 amoris
1146 454 1289 493 inteni-

167 509 251 560 gis:
281 522 369 560 quae
387 511 501 549 verba
518 510 714 556 desideret,
741 509 786 548 iis
804 522 868 548 me
886 510 1065 549 omnibus
1082 521 1198 547 usum
1215 522 1290 560 pu-

166 569 258 601 tato.
295 563 470 602 Tantum
500 565 615 602 velim
645 563 851 612 existimes,
883 564 915 603 si
944 563 1096 615 negotia
1124 562 1288 612 Lamiae,

166 625 440 668 procuratoreS,
467 618 635 667 libertos,
662 618 865 666 familiam,
895 618 1203 670 quibuscumque
1229 629 1290 656 re-

166 671 240 709 bus
273 684 370 723 opus
405 671 489 720 erit,
528 672 752 721 defenderis,
786 673 931 723 gratius
965 672 1065 709 mihi
1095 671 1287 720 futumm,

167 737 286 776 quam
305 725 336 763 si
355 738 400 764 ea
417 733 484 764 tua
501 727 708 765 liberalitas
728 726 972 778 pertinuisset
998 726 1048 764 ad
1070 737 1152 764 rem
1169 725 1286 767 fami,-

164 779 300 817 liarem
319 793 460 818 meam.
490 781 531 819 N
534 794 575 819 ec
593 781 741 827 dubito,
763 780 870 832 quin,
893 781 974 819 sine
986 778 1074 818 me&
1092 792 1287 818 commen-

163 832 331 880 datione,
354 834 475 885 (quod
493 842 605 873 tuum
624 843 681 873 est
695 834 886 884 judicium
905 835 953 874 de
970 834 1208 881 hominibus)
1226 833 1287 886 ip-

164 887 243 926 sius
281 888 431 927 Lamiae
467 890 580 927 causa
617 889 783 928 studiose
825 889 956 927 omnia
998 888 1168 927 facturus
1205 888 1256 926 sis
1272 902 1284 926 ε

162 954 404 994 quamquam
426 951 506 981 erat
530 943 639 981 nobis
663 943 825 992 dictum,
848 949 887 981 te
912 942 1142 989 existimare,
1171 942 1286 981 alicui

165 998 520 1046 senatfis-consulto,
545 997 649 1049 quod
674 1005 805 1036 contra
829 997 1056 1048 dignitatem
1086 1004 1195 1035 tuam
1219 995 1287 1034 fie-

161 1056 232 1098 ret,
254 1050 451 1089 scribendo
469 1052 651 1090 Lamiam
670 1051 848 1096 affuisse3
879 1051 948 1103 qui
960 1051 1131 1099 omnino,
1149 1063 1286 1088 consu-

163 1103 266 1142 libus
284 1104 375 1153 illis,
395 1118 596 1158 nunquam
610 1105 684 1145 fuit
701 1106 750 1144 ad
763 1105 1022 1144 scribendum:
1046 1104 1183 1143 deinde
1201 1117 1286 1143 om-

163 1158 230 1196 nia
259 1165 344 1197 tum
374 1159 470 1198 falsa
506 1160 848 1199 senatfis-consulta
875 1159 1152 1198 deferebantur.
1195 1159 1287 1202 Nisi

163 1212 262 1251 forte
293 1212 409 1252 etiam
441 1214 498 1252 illi
534 1214 810 1266 Semproniano
847 1213 1190 1252 senates-consulto
1221 1225 1287 1251 me

161 1278 288 1307 censes
322 1267 487 1316 affuisse,
514 1269 582 1320 qui
608 1282 657 1307 ne
684 1269 824 1307 Romae
850 1268 1007 1320 quidem
1030 1275 1115 1306 tum
1139 1267 1212 1316 fui,
1242 1273 1289 1305 ut

161 1320 210 1359 de
229 1333 272 1359 eo
291 1321 342 1359 ad
359 1329 396 1360 te
414 1322 559 1374 scripsi,
578 1336 619 1361 re
637 1322 789 1361 recenti.

215 1374 293 1413 Sed
310 1375 391 1414 haec
410 1377 604 1415 hactenus.
637 1377 711 1425 Te,
731 1377 787 1414 mi
810 1376 1005 1424 Cornifici,
1032 1376 1147 1414 etiam
1166 1382 1283 1427 atque

161 1428 277 1467 etiam
295 1442 401 1481 rogo,
414 1438 459 1468 ut
477 1431 606 1468 omnia
620 1431 769 1469 Lamiae
782 1431 947 1482 negotia,
963 1443 1050 1468 mea
1063 1437 1174 1481 putes
1189 1442 1282 1477 esse,

159 1495 356 1534 curesque,
376 1492 420 1521 ut
438 1484 640 1535 intelligat,
663 1485 761 1523 hanc
779 1484 1147 1523 commendationem
1166 1496 1279 1521 max-

158 1536 239 1575 imo
261 1537 333 1575 sibi
358 1538 445 1576 usui
468 1538 596 1586 fuisse.
635 1539 723 1583 Hoc
747 1538 844 1576 mihi
871 1538 1016 1590 gratius
1040 1537 1163 1576 facere
1184 1536 1283 1575 nihil

160 1598 280 1644 potes.
313 1590 431 1641 Cura,
453 1600 497 1630 ut
515 1593 651 1632 valeas.

242 1753 356 1804 (30.)
395 1754 457 1793 M.
478 1754 528 1792 T.
552 1754 596 1793 C.
627 1757 666 1795 S.
688 1756 734 1794 P.
756 1755 811 1794 D.
839 1754 1196 1796 CORNIFICIO.

213 1863 820 1914 (Argumentmn.—Silentium
837 1864 1050 1911 literarum,
1070 1871 1208 1917 praeter
1231 1864 1280 1902 li-

158 1917 363 1968 tigantium
400 1919 760 1967 commendationes,
795 1926 949 1957 excusat
966 1933 976 1956 :
1018 1919 1066 1958 de
1097 1925 1278 1957 renovato

156 1971 259 2010 bello
284 1972 437 2019 scribit;
468 1981 504 2012 et
526 1974 572 2012 de
591 1973 777 2024 angustiis
797 1973 969 2024 pecuniae
998 1973 1189 2025 publicae3
1229 1971 1277 2011 de

155 2025 358 2077 Dionysi0,
378 2027 557 2077 Lucceio,
577 2035 616 2066 et
634 2027 792 2071 Calvisii
809 2027 975 2079 legatis.)

208 2134 334 2181 Itane,
349 2142 486 2187 praeter
502 2135 723 2188 litigatores,
743 2147 858 2180 nemo
876 2134 926 2173 ad
944 2143 981 2173 te
995 2148 1099 2174 meas
1118 2134 1245 2174 literas
1256 2138 1274 2175 ?

155 2187 299 2228 Multae
326 2189 408 2228 istae
437 2189 619 2241 quidem:
650 2197 692 2228 tu
726 2190 830 2228 enim
857 2188 1060 2240 perfecisti,
1088 2196 1134 2227 ut
1161 2201 1276 2228 nemo

150 2240 233 2282 Sine
250 2243 367 2283 literis
392 2244 488 2283 meis
513 2244 582 2283 tibi
605 2257 644 2282 se
669 2243 979 2284 commendatum
1005 2250 1167 2295 putaret.
1196 2243 1272 2283 Sed
