1481 2422
221 104 302 144 390
406 103 490 142 AD
518 103 816 144 DIVERSOS.
846 104 947 142 1¹13.
967 103 1070 143 XII.
1099 106 1166 143 25.

222 212 438 274 provinciis.
478 213 521 252 N
523 225 564 251 ec
582 225 671 252 vero
689 219 820 264 postea
838 211 966 252 destiti
981 212 1211 252 labefactare
1236 225 1342 263 eum,

223 267 306 318 qui,
327 266 481 305 summa
499 280 589 306 cum
614 266 683 305 tua
700 266 858 316 injuria,
883 267 1194 319 contumeliaque
1217 267 1346 320 reipu-

224 321 349 368 blicae,
376 321 612 373 provinciam
637 322 772 359 absens
789 320 999 360 obtinebat.
1027 321 1167 373 ltaque
1185 323 1347 370 crebras,

224 375 288 413 vel
305 375 432 427 potius
451 375 707 427 quotidianas,
728 374 1036 426 compellationes
1063 388 1168 414 meas
1186 388 1264 414 non
1283 383 1348 414 tu-

223 429 283 476 lit,
316 442 431 481 seque
459 430 500 467 in
528 430 679 468 Urbem
703 429 844 480 recepit
871 429 1040 468 invitus:
1069 441 1195 481 neque
1219 430 1347 469 solum

225 496 306 535 spe,
327 483 393 522 sed
410 484 512 522 certa
530 497 570 522 re
596 485 680 533 jam
706 490 742 521 et
770 483 1019 535 possessione,
1049 483 1273 523 deturbatus
1291 492 1349 524 est

226 550 314 576 meo
328 538 541 587 justissimo
558 537 901 589 honestissimoque
919 537 1101 576 convicio.

283 592 344 630 Te
362 600 471 631 tuam
495 592 722 643 dignitatem
741 591 897 630 summa
919 591 989 629 tua
1007 591 1148 630 virtute
1165 592 1346 642 tenuisse,

225 646 506 698 provinciaeque
523 646 731 685 honoribus
756 645 1003 698 amplissimis
1021 645 1216 696 affectum,
1235 647 1350 686 vehe-

229 707 378 739 menter
396 700 556 752 gaudeo.

281 753 401 803 Quod
419 762 457 793 te
475 755 573 793 mihi
590 755 638 793 de
656 754 882 806 Sempronio
899 767 1057 806 purgas,
1071 754 1214 807 accipio
1232 768 1350 795 excu-

227 808 437 848 sationem:
467 809 542 847 fuit
560 809 664 848 enim
688 809 787 847 illud
812 809 1008 860 quoddam
1033 822 1177 848 caecum
1195 817 1349 862 tempus

228 863 431 902 servitutis.
466 863 554 915 Ego
573 870 730 902 tuorum
757 862 1002 902 consiliorum
1021 871 1165 912 auctor,
1185 863 1352 915 dignita-

226 917 352 983 tisque
370 918 509 966 fautor,
529 918 650 956 iratus
667 917 918 969 temporibus,
938 917 979 955 in
1000 917 1204 967 Graeciam,
1218 918 1351 979 despe-

224 973 309 1010 rata
325 972 514 1020 libertate,
533 972 734 1024 rapiebar;
764 984 854 1010 cum
872 985 936 1010 me
956 971 1114 1019 Etesiae,
1128 971 1239 1024 quasi
1257 973 1352 1011 boni

224 1026 337 1075 cives,
346 1026 627 1078 relinquentem
637 1026 916 1087 rempublicam
929 1027 1109 1078 prosequi
1119 1027 1349 1074 noluerunt3

226 1081 449 1132 Austerque
467 1080 646 1119 adversus
659 1080 832 1119 maximo
846 1080 941 1119 flatu
954 1093 1018 1119 me
1029 1080 1079 1119 ad
1093 1080 1251 1120 tribules
1262 1088 1350 1121 tuos

227 1135 428 1186 Rhegium
452 1135 607 1173 retulit:
638 1142 753 1187 atque
771 1134 875 1182 inde,
895 1134 1031 1183 ventis,
1062 1134 1192 1183 remis,
1222 1135 1264 1173 in
1282 1149 1353 1197 pa-

228 1189 344 1228 triam
371 1189 479 1228 omni
495 1189 735 1228 festinatione
762 1189 989 1240 properavi;
1017 1189 1352 1242 postridieque,in

228 1257 384 1283 summa
402 1244 639 1295 reliquorum
658 1243 851 1292 servitute,
871 1243 968 1281 liber
985 1255 1088 1281 unus
1105 1243 1177 1281 fui,

282 1299 346 1338 Sic
365 1311 452 1336 sum
470 1298 511 1336 111
530 1297 752 1336 Antonium
769 1297 957 1345 invectuS,
979 1305 1025 1335 ut
1042 1297 1108 1335 ille
1125 1310 1204 1336 non
1221 1297 1349 1347 ferret,

228 1365 462 1404 omnemque
488 1365 604 1390 suum
623 1352 863 1391 vinolentum
890 1351 1061 1390 furorem
1085 1351 1126 1389 in
1145 1364 1209 1390 me
1226 1365 1353 1391 unum

226 1406 452 1455 effunderet,
482 1419 623 1459 meque
653 1419 743 1445 cum
771 1406 903 1444 elicere
922 1406 1036 1444 vellet
1053 1406 1104 1444 ad
1130 1406 1242 1444 caedis
1261 1419 1352 1445 ωυ-

227 1473 326 1509 sam,
353 1468 440 1499 tum
464 1467 627 1499 tentaret
656 1459 826 1498 insidiis:
857 1472 973 1511 quem
993 1472 1063 1510 ego
1081 1467 1297 1499 ructantem
1315 1469 1353 1499 et

227 1522 477 1554 nauseantem
513 1515 656 1565 conjeci
691 1515 734 1552 111
770 1514 930 1553 Caesaris
966 1513 1171 1552 Octaviani
1204 1515 1351 1566 plagas.

227 1570 333 1608 Puer
351 1569 454 1608 enim
473 1569 647 1621 egregius
664 1569 886 1621 pramdium
901 1568 974 1606 sibi
991 1568 1164 1619 primum
1175 1575 1213 1607 et
1227 1569 1352 1631 nobis,

227 1623 365 1662 deinde
396 1636 562 1662 summae
591 1624 645 1661 rei
678 1623 856 1674 publicae,
890 1622 1149 1673 comparavit:
1180 1623 1250 1674 qui
1278 1623 1353 1662 11151

226 1677 375 1726 fuisset,
395 1677 562 1716 Antonii
579 1677 723 1716 reditus
742 1690 765 1715 a
783 1675 991 1715 Brundisio
1008 1676 1124 1728 pestis
1141 1677 1275 1729 patriae
1290 1676 1355 1715 fu-

230 1731 334 1770 isset.

282 1786 386 1834 Quae
403 1785 580 1838 deinceps
598 1792 682 1825 acta
699 1785 789 1831 sint,
810 1784 903 1823 scire
917 1792 956 1823 te
973 1785 1146 1824 arbitror.
1171 1785 1247 1824 Sed
1264 1784 1351 1824 red-

229 1853 363 1878 eamus
399 1840 449 1879 ad
478 1840 591 1888 illud,
618 1839 723 1878 unde
751 1839 987 1878 divertimus.
1015 1839 1178 1891 Accipio
1197 1852 1355 1878 excusa-

229 1894 374 1933 tionem
392 1901 502 1933 tuam
513 1895 561 1933 de
575 1893 802 1946 Sempronio
815 1907 826 1931 =
847 1906 973 1945 neque
984 1894 1088 1932 enim
1099 1893 1233 1933 statuti
1243 1893 1352 1945 quid,

228 1948 271 1986 in
290 1948 398 1987 tanta
415 1949 713 2001 perturbatione,
729 1948 870 1986 habere
883 1947 1053 2000 potuisti.

283 2025 314 2046 ‘⁶
333 2023 375 2062 N
377 2036 454 2063 unc
471 2024 632 2117 hiffies
661 2024 779 2063 aliam
796 2023 916 2063 vitam
944 2023 1068 2073 affert,
1098 2023 1192 2064 alios
1221 2034 1347 2063 mores

447 2091 517 2130 ΡΟ8
602 2079 661 2129 t‚”

224 2173 269 2206 ut
301 2166 355 2205 ait
386 2166 603 2206 Terentius.
648 2167 928 2216 Quamobrem,
961 2167 1018 2205 mi
1061 2165 1224 2215 Quinte,
1258 2177 1349 2204 con·-

221 2221 357 2260 scende
376 2222 590 2271 nobiscum,
622 2230 658 2261 et
677 2222 834 2274 quidem
853 2222 900 2261 ad
920 2221 1097 2274 puppim.
1128 2220 1219 2260 Una
1237 2220 1344 2258 navis
