1501 2407
361 76 445 116 AD
475 76 686 117 DIVER
665 45 774 116 SOS.
805 73 901 114 Lns‘.
923 71 1284 114 V.12,129

150 183 275 234 illam,
296 184 344 223 de
370 200 451 253 qua
469 186 692 224 suavissime
712 184 913 238 quodam
901 197 942 222 m
961 182 1146 236 prooemio
1164 180 1284 232 scrip-

154 239 249 287 sisti,
266 242 307 283 (a
325 242 404 291 qua
423 248 461 279 te
480 241 581 278 flecti
599 253 676 279 non
695 240 819 291 magis
837 239 1005 291 potuisse
1028 238 1280 282 demonstras,

153 306 274 345 quam
293 294 504 333 Herculem
527 294 857 346 Xenophonteum
877 294 990 331 illum
1019 306 1042 330 a
1066 292 1280 342 voluptate)

153 360 199 386 ea
217 348 250 386 si
267 360 331 387 me
356 349 427 388 tibi
445 350 710 388 vehementius
739 347 1038 394 commendabit,
1058 359 1107 384 ne
1126 346 1282 396 adsper-

154 413 270 448 nere;
300 404 500 464 amorique
518 412 648 442 nostro
666 404 890 455 plusculum
906 402 1036 450 etiam,
1053 412 1173 453 quam
1192 410 1282 437 con-

149 455 258 495 cedat
275 457 428 506 veritas,
448 458 622 509 largiare.

206 510 326 559 Quod
351 512 382 549 si
408 521 445 550 te
464 513 714 561 adducemus,
735 520 779 550 ut
796 513 871 551 hoc
889 510 1100 563 suscipias;
1131 508 1215 556 erit,
1236 515 1282 545 ut

152 565 251 603 mihi
272 567 500 629 persuadeo,
532 567 710 606 materies
740 568 858 618 digna
888 567 1069 604 facultate
1103 571 1140 602 et
1170 562 1281 613 copia

149 619 231 658 tua.
273 620 315 657 A
337 621 526 673 principio
548 621 652 659 enim
681 621 951 671 conjurationis
970 632 1093 671 usque
1119 617 1168 657 ad
1195 616 1282 654 red-

149 673 251 712 itum
263 684 480 722 nostrum,v
482 676 608 715 idetur
620 676 717 714 mihi
730 676 925 714 modicum
935 673 1130 736 quoddam
1143 684 1281 722 corpus

151 728 286 767 confici
302 743 437 781 posse,
467 731 507 768 in
523 744 600 783 quo
620 738 658 769 et
675 731 742 768 illa
756 730 896 782 poteris
916 730 973 767 uti
993 727 1162 767 civilium
1177 738 1283 764 com-

151 783 412 823 mutationum
425 785 594 832 scientia,
614 785 703 823 vel
693 798 734 822 111
753 784 988 836 explicandis
1008 782 1131 820 causis
1148 792 1280 819 rerum

151 848 355 887 novarum,
376 839 460 877 vel
450 852 490 877 m
502 839 679 878 remediis
693 838 1041 885 incommodorum,
1061 849 1150 874 cum
1170 843 1207 873 et
1222 847 1281 872 re-

152 891 363 942 prehendes
383 907 426 931 ea
451 907 538 945 quae
553 894 804 945 vituperanda
826 893 954 940 duces,
976 899 1026 939 et,
1047 904 1134 942 quae
1152 890 1282 950 place-

152 947 266 993 bunt,
288 949 523 999 exponendis
551 948 742 986 rationibn
730 962 761 986 s
785 946 1073 998 comprobabis.
1106 952 1156 993 et,
1182 944 1214 982 si
1230 943 1281 980 11-

151 1000 279 1039 berius
300 1005 361 1045 (ut
373 1002 579 1049 consuesti)
600 1002 794 1054 agendum
813 1002 980 1053 putabis,
1001 999 1216 1037 multorum
1239 997 1282 1035 111

153 1066 223 1092 nos
238 1056 452 1106 perfidiam,
472 1057 545 1095 11151
533 1056 586 1094 'id
588 1070 642 1104 as,
662 1057 931 1108 proditionem,
951 1054 1113 1093 notabis.

208 1108 384 1150 Multam
403 1111 518 1149 etiam
537 1124 645 1149 casus
664 1111 782 1149 nostri
801 1110 872 1149 tibi
890 1109 1110 1148 uarietatem
1129 1108 1169 1145 in
1189 1106 1283 1145 scri-

153 1164 279 1202 bendo
305 1165 620 1216 suppeditabunt,
645 1166 800 1217 plenam
827 1178 872 1203 811
873 1178 934 1214 Ju
921 1164 1028 1201 edam
1057 1161 1281 1214 uoluptatis,

153 1230 241 1269 quae
261 1218 503 1258 vehementer
521 1220 670 1258 animos
689 1219 894 1257 hominum
913 1219 952 1255 in
971 1217 1134 1268 legendo
1154 1225 1283 1254 tenere

151 1272 282 1323 possit.
313 1273 352 1311 N
357 1273 426 1311 ihil
447 1282 502 1312 est
521 1274 624 1312 enim
643 1274 770 1335 aptius
789 1273 838 1311 ad
858 1272 1146 1310 delectationem
1165 1272 1283 1309 lecto-

151 1326 218 1374 ris,
235 1340 354 1379 quam
369 1335 589 1390 temporum
609 1328 822 1375 xarietates,
838 1327 1079 1378 fortunaeque
1092 1325 1282 1364 vicissitu-

149 1380 282 1420 dines·
271 1410 283 1428 ‚
314 1396 402 1434 quae
436 1383 505 1421 etsi
535 1383 644 1422 nobis
674 1382 860 1435 optabiles
883 1382 923 1419 111
953 1380 1182 1432 experiendo
1200 1391 1280 1417 non

147 1435 321 1497 fuerunt,
353 1437 396 1475 in
419 1437 582 1489 legendo
610 1445 741 1476 tamen
767 1443 879 1475 erunt
904 1435 1098 1486 jueundae.
1146 1434 1282 1472 Habet

148 1489 266 1528 enim·
282 1491 465 1542 praeteriti
497 1492 636 1531 doloris
667 1505 798 1530 secura
826 1489 1034 1530 recordatio
1062 1488 1281 1528 delectatio-

148 1556 251 1584 nem.
284 1544 443 1586 Caeteris
462 1560 564 1595 vero,
578 1547 689 1585 nulla
700 1545 909 1598 perfunctis
923 1542 1077 1596 propria
1089 1543 1281 1590 molestia,

147 1611 257 1638 casus
290 1608 420 1639 autem
457 1601 600 1640 alienos
633 1601 715 1640 sine
746 1601 828 1639 ullo
861 1599 990 1638 dolore
1025 1598 1281 1645 intuentibus,

149 1653 267 1692 etiam
285 1654 369 1706 ipsa
382 1655 640 1695 misericordia
652 1663 707 1694 est
718 1655 903 1705 jucunda.
933 1653 1065 1701 Quem
1079 1653 1181 1691 enim
1194 1664 1285 1691 nos-

149 1711 253 1747 trum
284 1709 351 1748 ille
377 1710 544 1749 moriens
570 1710 674 1762 apud
707 1709 954 1748 Mantineam
990 1706 1285 1759 Epaminondas

149 1774 227 1801 non
242 1776 332 1801 cum
351 1765 521 1816 quadam
539 1764 782 1804 miseratione
800 1762 990 1802 delectat?
1020 1762 1089 1814 qui
1108 1769 1193 1799 tum
1213 1761 1281 1799 de-

154 1817 274 1869 nique
293 1818 366 1857 sibi
384 1819 496 1858 avelli
511 1820 624 1870 jubet
649 1819 856 1871 spiculum,
877 1823 1128 1869 posteaquam
1144 1815 1180 1853 81
1196 1828 1285 1876 per-

152 1872 323 1910 comanti
337 1873 484 1912 dictum
503 1881 572 1923 est,
586 1874 765 1925 clypeum
781 1886 860 1911 esse
879 1872 1057 1917 salvum,
1088 1877 1147 1919 ut,
1164 1870 1282 1908 etiam

150 1925 192 1963 in
207 1927 375 1966 vulneris
390 1927 534 1976 dolore,
550 1941 661 1979 aequo
676 1927 805 1966 animo
818 1939 907 1965 cum
924 1925 1040 1964 laude
1051 1932 1277 1963 moreretur.

152 1979 277 2031 Cujus
295 1982 512 2030 studium,
502 1995 543 2019 m
564 1982 741 2043 legendo,
765 1994 843 2019 non
869 1990 1035 2019 erectum
1057 1978 1280 2017 Them1sto-

150 2035 219 2073 8115
235 2035 333 2087 fuga
357 2036 559 2088 redituque
576 2037 791 2075 retinetur?
821 2035 981 2074 Etenim
1000 2033 1120 2072 ordo*
1110 2045 1192 2085 lpse
1210 2045 1280 2070 an-

149 2090 298 2128 nalium
318 2090 558 2130 mediocriter
579 2104 649 2130 nos
675 2090 826 2138 retinet,
856 2089 967 2141 quasi
995 2087 1281 2126 enumeratione

151 2143 352 2183 fastorum.
383 2145 440 2184 At
458 2145 529 2184 viri
548 2159 648 2197 saepe
667 2144 886 2184 excellentis
906 2142 1089 2195 ancipites
1108 2141 1281 2192 variique

149 2210 257 2239 casus
267 2198 412 2239 habent
425 2199 732 2249 admirationem,
743 2197 1079 2250 exspectationem,
1087 2195 1278 2244 laetitiam,
