1501 2407
319 152 404 192 AD
432 152 727 194 DIVERSOS.
757 152 857 192 111ss.
888 150 964 193 IV.
998 153 1059 192 12.
1171 150 1246 192 105

184 259 273 298 Etsi
290 260 380 309 scio,
399 274 477 301 non
502 262 827 313 jucundissimum
854 261 1035 301 nuntium
1059 273 1123 299 me
1141 259 1247 298 vobis

132 313 366 361 allaturum3
395 323 540 365 tamen,
560 317 743 368 quoniam
758 329 865 355 casus
884 324 922 354 et
935 315 1122 354 naturain
1142 313 1250 352 nobis

131 366 364 417 dominatur,
384 369 513 408 visum
538 378 593 408 est
621 370 853 418 faciendum,
884 382 1038 422 quoquo
1056 367 1172 406 modo
1189 380 1250 405 res

134 433 174 459 se
198 420 367 472 haberet,
391 430 436 461 ut
458 437 524 462 vos
546 425 718 463 certiores
744 424 918 462 facerem.
948 425 1001 462 A.
1027 423 1064 461 d.
1092 422 1134 461 X
1163 421 1249 460 Cal.

132 474 163 512 J
165 487 229 512 un.
244 489 332 514 cum
345 479 393 516 ab
406 477 605 529 Epidauro
618 479 809 517 Piraeeum
820 478 909 516 navi
923 477 1100 516 advectus
1115 487 1250 522 essem,

133 528 188 566 ibi
217 529 465 579 Marcellum,
497 532 682 583 collegam
708 540 897 580 nostrum,
927 531 1112 575 conveni3
1144 541 1253 568 eum-

134 595 210 633 que
228 583 331 622 diem
360 584 415 623 ibi
443 586 649 634 consumsi,
677 594 721 624 ut
743 598 832 624 cum
862 599 905 624 eo
935 597 1067 624 assem.
1095 584 1254 622 Postero

136 635 212 684 die,
233 650 322 676 cum
352 640 400 677 ab
431 652 475 678 eo
498 639 686 690 digressus
711 653 830 679 essem
853 652 896 678 eo
920 638 1089 687 consilio,
1114 645 1160 675 ut
1183 635 1252 685 [ab

133 689 322 744 Athenis]
356 693 398 730 in
426 693 617 732 Boeotiam
649 694 759 741 irem,
790 694 1054 746 reliquamque
1078 690 1255 742 jurisdic-

134 743 280 783 tionem
311 747 571 794 absolverem;
601 748 680 795 isse,
714 748 772 785 uti
802 748 939 797 aiebat,
967 759 1082 799 supra
1105 744 1255 784 Maleas

136 797 178 836 in
197 799 352 838 Italiam
372 814 501 840 versus
519 802 766 853 navigaturus
785 810 875 840 erat.

194 853 382 893 Postridie
405 856 487 905 ejus
509 855 598 903 diei,
624 868 714 895 cum
739 858 787 894 ab
813 856 980 894 Athenis
1005 852 1192 907 proficisci
1214 851 1257 890 in

138 907 269 946 animo
286 907 481 957 haberem,
502 910 647 948 circiter
670 910 765 948 hora
783 910 930 948 decima
955 909 1075 947 noctis
1095 908 1140 946 P.
1163 907 1258 945 Pos-

139 961 300 1009 tumius,
331 962 530 1006 familiaris
559 965 654 1017 ejus,
682 963 731 1001 ad
752 976 815 1002 me
838 964 955 1012 venit,
983 970 1020 1002 et
1043 962 1140 1000 mihi
1158 972 1259 998 nun-

139 1015 264 1064 tiavit,
285 1015 346 1053 M.
369 1016 616 1064 Marcellum,
638 1018 823 1069 collegam
841 1025 1029 1065 nostrum,
1042 1023 1129 1068 post
1143 1026 1258 1053 coenae

140 1075 309 1120 tempus,
329 1083 353 1108 a
371 1071 418 1108 P.
439 1071 576 1122 Magio
595 1071 744 1120 Cilone,
763 1071 951 1110 familiare
970 1072 1066 1121 ejus,
1092 1068 1260 1121 pugione

140 1135 364 1174 percussum
384 1137 476 1172 esse,
509 1134 546 1163 et
567 1125 644 1164 duo
669 1126 828 1164 vulnera
853 1125 1050 1177 accepisse,
1069 1136 1194 1162 unum
1218 1121 1261 1160 in

141 1178 352 1225 stomacho,
373 1178 537 1217 alterum
555 1179 596 1217 in
615 1180 750 1230 capite,
766 1179 977 1218 secundum
988 1190 1146 1223 aurem3
1177 1188 1262 1228 spe-

142 1242 226 1269 rare
245 1239 387 1280 tamen,
401 1245 492 1270 eum
510 1233 634 1271 vivere
652 1246 760 1285 posse
775 1247 784 1270 :
817 1233 1000 1284 Magium
1019 1231 1189 1283 seipsum
1201 1230 1262 1267 in-

141 1284 353 1324 terfecisse:
393 1294 525 1337 postea
560 1300 599 1325 se
635 1300 659 1325 a
695 1287 883 1325 Marcello
919 1285 969 1324 ad
1003 1298 1067 1323 me
1102 1284 1264 1322 missum

143 1351 235 1386 osse,
257 1339 325 1390 qui
348 1339 431 1378 haec
459 1340 666 1388 nuntiaret,
686 1348 723 1378 et
745 1347 907 1391 rogaret,
927 1339 986 1377 uti
1010 1338 1176 1377 medicos
1202 1350 1264 1376 co-

140 1405 282 1485 ῗετεῐη.
313 1393 446 1447 Coegi,
467 1401 504 1433 et
529 1408 550 1434 e
569 1394 728 1446 vestigio
753 1407 797 1433 eo
824 1407 911 1432 sum
929 1393 1120 1445 profectus
1138 1389 1264 1444 prima

163 1459 244 1485 uce.

196 1501 301 1540 Cum
318 1513 393 1541 non
413 1503 527 1555 longe
549 1516 573 1541 a
598 1503 743 1542 Piraeeo
769 1504 953 1550 abessem,
984 1515 1079 1554 puer
1103 1499 1263 1539 Acidini

141 1555 296 1593 obviam
327 1557 426 1595 mihi
459 1557 562 1596 venit
591 1570 680 1596 cum
713 1557 907 1603 codic-illis,
941 1557 981 1594 in
1012 1556 1152 1607 quibus
1185 1561 1266 1593 erat

123 1630 126 1633 ⁴
144 1608 342 1661 scriptum,
363 1611 479 1662 paulo
505 1619 592 1650 ante
612 1612 739 1649 lucem
766 1611 999 1649 Marcellum
1018 1610 1121 1647 diem
1149 1621 1266 1647 suum

144 1663 292 1702 obiisse.
333 1665 397 1703 Ita
438 1665 496 1703 vir
528 1665 761 1704 clarissimus
793 1667 841 1703 ab
874 1664 1029 1703 homine
1061 1662 1265 1701 deterrimo

144 1717 388 1757 acerbissima
405 1726 528 1758 morte
553 1727 609 1757 est
627 1719 806 1757 affectus:
838 1726 889 1767 et,
910 1719 971 1757 cui
989 1717 1134 1756 inimici
1152 1729 1267 1769 prop-

145 1778 203 1810 ter
221 1771 447 1822 dignitatem
466 1780 725 1825 pepercerant,
745 1773 922 1811 inventus
942 1779 997 1811 est
1016 1771 1174 1819 amicus,
1198 1769 1267 1822 qui

147 1825 183 1863 ei
211 1833 374 1864 mortem
404 1828 564 1865 afferret.
605 1827 695 1878 Ego
734 1834 864 1865 tamen
897 1826 946 1864 ad
978 1825 1268 1864 tabernaculum

150 1879 233 1928 ejus
251 1881 412 1930 perrexi.
443 1881 582 1919 Inveni
606 1881 701 1917 duos
728 1881 896 1925 libertos,
926 1888 963 1916 et
981 1879 1165 1929 pauculos
1193 1889 1269 1915 ser-

125 1954 128 1956 *
151 1944 242 1971 vos:
273 1933 439 1984 reliquos
468 1934 618 1972 aiebant
645 1932 872 1985 profugisse,
904 1940 1012 1970 metu
1036 1930 1267 1983 perterritos,

150 1986 256 2038 quod
273 1986 453 2026 dominus
472 2000 605 2026 eorum
631 1996 719 2026 ante
737 1986 1026 2025 tabernaculum
1050 1985 1270 2023 interfectus

152 2047 259 2078 esset.
280 2052 283 2053 ⁷

205 2094 370 2133 Coactus
389 2108 490 2143 sum,
511 2095 550 2134 in
570 2094 704 2134 eadem
722 2095 790 2134 issa
807 2093 954 2143 lectica,
974 2092 1053 2146 qua
1069 2093 1149 2145 ipse
1167 2091 1272 2130 dela-

150 2154 214 2187 tus
233 2161 352 2196 erm,
371 2150 545 2202 meisque
561 2150 772 2196 lecticariis,
787 2150 828 2187 in
843 2150 979 2187 urbem
997 2159 1087 2186 eum
1105 2146 1267 2185 referre:

150 2201 296 2254 ibique,
311 2216 382 2254 pro
401 2204 447 2242 ea
465 2202 574 2256 copia
591 2218 678 2256 quae
695 2203 863 2242 Athenis
878 2208 971 2250 erat,
991 2201 1109 2239 funus
1128 2200 1162 2238 ei
1180 2199 1271 2238 satis
1306 2206 1311 2212 “

151 2256 329 2308 amplum
359 2257 578 2297 faciendum
608 2257 748 2297 curavi.
779 2257 844 2296 Ab
875 2254 1191 2302 Atheniensibus,
1218 2253 1275 2291 lo-
