1481 2422
153 150 235 189 382
329 148 413 189 AD
442 147 744 190 DIVERSOS.
771 148 873 189 11113.
903 148 1008 190 XII.
1038 147 1099 194 17.

179 257 296 308 (17.)
323 257 539 299 CICERO
564 258 928 354 colgNJIJFlcm,
947 255 1250 308 COLLEGAE,

210 423 541 476 (Argumentum.
559 448 615 456 —
629 422 847 472 Cornificio,
862 421 1008 461 Afrieae
1020 421 1214 474 praefecto,
1233 420 1283 460 de

155 478 311 530 Syriaco
329 479 518 525 tumultu,
539 485 577 517 et
593 479 742 516 urbano
761 478 852 526 otio,
866 490 933 516 seu
947 476 1189 529 negotiorum
1202 489 1283 515 οω-

149 532 308 582 satione,
336 532 476 571 scribit.
507 532 674 571 Librum
699 532 747 571 de
773 531 937 584 Optimo
960 531 1112 570 Genere
1129 530 1280 570 dicendi

159 587 419 635 commendat,
441 594 478 626 et
496 599 612 626 suum
630 586 706 639 ipsi
723 586 898 626 studium
915 586 1149 635 confirmat.)

209 696 332 735 Grata
362 695 461 734 mihi
486 697 738 736 vehementer
759 706 816 736 est
843 694 1032 735 memoria
1052 695 1173 734 nostri
1197 701 1282 743 tua,

149 763 270 803 quam
303 750 525 802 significasti
554 750 698 789 literis:
730 763 850 804 quam
883 757 928 789 ut
960 762 1171 799 conset-vce,
1202 761 1284 788 non

149 818 229 858 quo
253 804 302 843 de
319 805 389 843 tua
414 804 627 844 constantia
646 804 835 852 dubitem,
856 804 922 844 sed
941 804 1034 857 quia
1050 817 1135 844 mos
1154 811 1210 843 aet
1226 803 1283 843 ita

146 859 322 911 rogandi,
337 872 442 911 rogo.
466 859 533 898 Ex
548 859 660 911 Syria
671 860 780 898 nobis
795 859 1092 898 tumultuosiora
1103 858 1285 911 quaedam

148 914 327 953 nuntiata
345 922 460 952 sunt·
491 927 594 966 quae,
624 914 718 967 quia
749 913 820 953 tibi
849 921 940 953 sunt
964 913 1144 966 propiora
1161 926 1284 966 quam

147 969 272 1017 nobis,
294 969 364 1007 tua
381 981 445 1007 me
464 970 580 1008 causa
596 969 722 1030 magis
739 976 910 1016 movent,
931 981 1053 1021 quam
1069 967 1171 1007 mea.

204 1023 345 1062 Romae
363 1036 565 1062 summum
582 1024 706 1062 otium
724 1031 807 1070 ffit3
836 1023 904 1062 sed
929 1023 999 1072 ita,
1026 1029 1074 1061 ut
1090 1022 1203 1061 malis
1220 1035 1283 1061 sa-

147 1078 260 1117 lubre
289 1078 448 1130 aliquod
477 1086 516 1117 et
543 1078 750 1117 honestum
780 1077 1006 1130 negotium:
1036 1076 1143 1130 quod
1170 1089 1283 1129 spero

148 1132 242 1171 fore.
272 1132 399 1172 Video
417 1132 459 1171 id
486 1145 588 1172 curae
613 1146 692 1172 esse
717 1132 873 1172 Caesari.
901 1132 974 1171 Me
993 1131 1100 1180 scito,
1120 1131 1216 1170 dum
1235 1138 1281 1170 tu

149 1187 266 1236 absis,
285 1187 397 1240 quasi
415 1187 651 1227 occasionem
670 1187 883 1241 quamdam
905 1194 943 1226 et
970 1186 1166 1225 licentiam
1189 1198 1282 1225 nac-

147 1249 249 1292 tum,
270 1242 432 1281 scribere
458 1242 668 1289 audacius;
699 1251 737 1282 et
761 1249 897 1281 caetera
921 1241 1080 1294 quidem
1104 1240 1281 1289 fortasse,

151 1310 240 1349 quae
269 1297 387 1336 etiam
421 1304 464 1335 tu
486 1297 706 1336 concederoe
723 1312 734 1336 ι
765 1297 831 1336 sed
862 1296 1039 1348 proxime
1071 1295 1204 1348 scripsi
1232 1294 1283 1334 de

150 1351 316 1404 Optimo
330 1352 479 1391 Genere
491 1351 642 1391 dicendi
655 1366 667 1398 3
688 1352 728 1390 in
741 1364 819 1404 quo
834 1364 934 1403 saepe
948 1350 1164 1403 suspicatus
1177 1362 1281 1398 sum,

150 1413 188 1446 te
207 1420 230 1445 a
245 1407 392 1458 judicio
411 1414 554 1453 nostro,
575 1407 629 1445 sic
647 1406 803 1455 scilicet,
834 1413 879 1444 ut
905 1406 1064 1445 doctum
1081 1404 1284 1444 hominem

145 1475 172 1501 a
189 1474 267 1501 non
287 1461 454 1510 indocto,
475 1461 682 1513 paululum
701 1460 893 1500 dissidere.

202 1516 311 1555 Huic
340 1523 383 1554 tu
408 1516 521 1564 libro,
551 1516 723 1554 maxime
742 1515 872 1563 velim,
900 1527 948 1553 ex
973 1513 1119 1562 animo,
1148 1513 1181 1553 si
1204 1513 1282 1552 mi-

147 1583 235 1620 nus,
256 1571 389 1623 gratiae
408 1569 536 1617 causa,
553 1570 771 1622 suffragere.
802 1569 943 1608 Dicam
962 1569 1053 1617 tuis,
1068 1576 1113 1606 ut
1127 1580 1233 1616 eum,
1246 1568 1279 1607 si

147 1626 281 1675 velint,
297 1625 526 1673 describant,
539 1625 589 1663 ad
600 1632 714 1677 teque
725 1625 893 1663 mittant.
915 1624 1019 1662 Puto
1034 1623 1154 1672 enim,
1162 1623 1281 1662 etiam

146 1680 180 1720 si
198 1694 280 1720 rem
298 1680 429 1719 minus
447 1679 634 1732 probaris,
651 1687 781 1718 tamen
794 1679 834 1717 in
846 1679 922 1717 ista
933 1677 1153 1727 solitudine,
1164 1677 1280 1730 quid-

146 1735 243 1788 quid
261 1749 285 1774 a
298 1748 362 1774 me
381 1735 597 1796 profectum
617 1734 679 1781 sit,
698 1733 916 1784 jucundum
936 1733 1007 1771 tibi
1021 1732 1115 1772 fore.

201 1789 322 1839 Quod
351 1789 449 1827 mihi
481 1788 804 1828 existimationem
834 1796 944 1827 tuam
972 1787 1280 1839 dignitatemque

144 1844 408 1890 commendas,
420 1843 512 1883 facis
531 1851 573 1882 tu
593 1843 751 1896 quidem
770 1843 947 1882 omnium
966 1854 1100 1880 more:
1132 1840 1198 1880 sed
1213 1854 1280 1880 ve-

145 1900 218 1938 lim
236 1899 289 1938 sic
308 1898 516 1946 existimes,
545 1911 623 1946 me,
655 1911 745 1937 cum
769 1898 906 1947 amori,
937 1909 1056 1950 quem
1083 1896 1183 1935 inoer
1210 1907 1282 1935 nos

148 1962 334 1992 mutuum
354 1966 433 1992 &sse
450 1927 680 2004 int'elligam,
699 1952 916 2014 plurimum
931 1951 1116 1998 tribuam,
1132 1958 1218 1989 tum
1233 1949 1282 1989 de

149 2021 305 2047 summo
324 2008 478 2060 ingenio
498 2016 536 2046 et
554 2007 601 2046 de
620 2007 756 2046 studiis
774 2007 852 2045 tuis
877 2006 1049 2059 optimis,
1081 2013 1119 2044 et
1148 2004 1196 2043 de
1215 2017 1283 2056 spe

149 2062 400 2115 amplissimae
419 2062 630 2113 dignitatis,
650 2061 705 2100 ita
718 2061 904 2111 judicare,
926 2068 971 2099 ut
993 2059 1189 2100 neminem
1208 2058 1282 2099 tibi

152 2125 400 2171 anteponam,
421 2129 640 2169 comparem
655 2128 807 2169 paucos.
838 2115 950 2157 Vale.
