<?xml version="1.0" encoding="UTF-8"?>
<!DOCTYPE html PUBLIC "-//W3C//DTD XHTML 1.0 Transitional//EN"
    "http://www.w3.org/TR/xhtml1/DTD/xhtml1-transitional.dtd">
<html xmlns="http://www.w3.org/1999/xhtml" xml:lang="en" lang="en">
 <head>
  <title>
</title>
<meta http-equiv="Content-Type" content="text/html;charset=utf-8" />
  <meta name='ocr-system' content='tesseract 3.04.00' />
  <meta name='ocr-capabilities' content='ocr_page ocr_carea ocr_par ocr_line ocrx_word'/>
</head>
<body>
  <div class='ocr_page' id='page_1' title='image "./operaern09ciceuoft_0257.png"; bbox 0 0 1481 2422; ppageno 0'>
   <div class='ocr_carea' id='block_1_1' title="bbox 318 65 1288 140">
    <p class='ocr_par' dir='ltr' id='par_1_1' title="bbox 318 65 1288 140">
     <span class='ocr_line' id='line_1_1' title="bbox 318 65 1288 140; baseline -0.004 -19"><span class='ocrx_word' id='word_1_1' title='bbox 318 81 403 140; x_wconf 79' lang='lat' dir='ltr'>AD</span> <span class='ocrx_word' id='word_1_2' title='bbox 432 79 730 123; x_wconf 73' lang='lat' dir='ltr'>DNERsos,</span> <span class='ocrx_word' id='word_1_3' title='bbox 761 79 864 119; x_wconf 77' lang='lat' dir='ltr'>Lm.</span> <span class='ocrx_word' id='word_1_4' title='bbox 885 79 1012 120; x_wconf 82' lang='lat' dir='ltr'>vm.</span> <span class='ocrx_word' id='word_1_5' title='bbox 1046 65 1130 124; x_wconf 55' lang='lat'>17!</span> <span class='ocrx_word' id='word_1_6' title='bbox 1207 78 1288 119; x_wconf 75' lang='lat'>243</span> 
     </span>
    </p>
   </div>
   <div class='ocr_carea' id='block_1_2' title="bbox 158 186 1290 241">
    <p class='ocr_par' dir='ltr' id='par_1_2' title="bbox 158 186 1290 241">
     <span class='ocr_line' id='line_1_2' title="bbox 158 186 1290 241; baseline -0.005 -10"><span class='ocrx_word' id='word_1_7' title='bbox 158 192 274 241; x_wconf 72' lang='lat' dir='ltr'>belin,</span> <span class='ocrx_word' id='word_1_8' title='bbox 302 191 399 230; x_wconf 80' lang='lat' dir='ltr'>dum</span> <span class='ocrx_word' id='word_1_9' title='bbox 427 191 510 232; x_wconf 88' lang='lat' dir='ltr'>haec</span> <span class='ocrx_word' id='word_1_10' title='bbox 535 190 807 230; x_wconf 79' lang='lat' dir='ltr'>decernuntur.</span> <span class='ocrx_word' id='word_1_11' title='bbox 844 189 947 237; x_wconf 87' lang='lat' dir='ltr'>Quae</span> <span class='ocrx_word' id='word_1_12' title='bbox 968 201 1061 228; x_wconf 88' lang='lat' dir='ltr'>cum</span> <span class='ocrx_word' id='word_1_13' title='bbox 1080 195 1124 227; x_wconf 87' lang='lat' dir='ltr'>tu</span> <span class='ocrx_word' id='word_1_14' title='bbox 1141 186 1290 235; x_wconf 84' lang='lat' dir='ltr'>feceris,</span> 
     </span>
    </p>
   </div>
   <div class='ocr_carea' id='block_1_3' title="bbox 159 243 1292 342">
    <p class='ocr_par' dir='ltr' id='par_1_3' title="bbox 159 243 1292 342">
     <span class='ocr_line' id='line_1_3' title="bbox 159 243 1292 298; baseline -0.005 -12"><span class='ocrx_word' id='word_1_15' title='bbox 159 254 197 286; x_wconf 90' lang='lat' dir='ltr'>et</span> <span class='ocrx_word' id='word_1_16' title='bbox 215 259 286 298; x_wconf 86' lang='lat' dir='ltr'>ego</span> <span class='ocrx_word' id='word_1_17' title='bbox 303 254 342 286; x_wconf 86' lang='lat' dir='ltr'>te</span> <span class='ocrx_word' id='word_1_18' title='bbox 360 245 550 298; x_wconf 82' lang='lat' dir='ltr'><strong>sapienter</strong></span> <span class='ocrx_word' id='word_1_19' title='bbox 568 244 701 286; x_wconf 84' lang='lat' dir='ltr'>fecisse</span> <span class='ocrx_word' id='word_1_20' title='bbox 723 244 920 294; x_wconf 83' lang='lat' dir='ltr'>judicabo,</span> <span class='ocrx_word' id='word_1_21' title='bbox 944 250 982 282; x_wconf 86' lang='lat' dir='ltr'>et</span> <span class='ocrx_word' id='word_1_22' title='bbox 1001 243 1194 283; x_wconf 82' lang='lat' dir='ltr'>Caesarem</span> <span class='ocrx_word' id='word_1_23' title='bbox 1212 253 1292 280; x_wconf 84' lang='lat' dir='ltr'>non</span> 
     </span>
     <span class='ocr_line' id='line_1_4' title="bbox 160 300 489 342; baseline -0.006 -2"><span class='ocrx_word' id='word_1_24' title='bbox 160 300 341 342; x_wconf 81' lang='lat' dir='ltr'>offendes.</span> <span class='ocrx_word' id='word_1_25' title='bbox 371 300 489 341; x_wconf 86' lang='lat' dir='ltr'>Vale.</span> 
     </span>
    </p>
   </div>
   <div class='ocr_carea' id='block_1_4' title="bbox 359 462 1109 517">
    <p class='ocr_par' dir='ltr' id='par_1_4' title="bbox 359 462 1109 517">
     <span class='ocr_line' id='line_1_5' title="bbox 359 462 1109 517; baseline -0.004 -14"><span class='ocrx_word' id='word_1_26' title='bbox 359 464 470 517; x_wconf 77' lang='lat'><em>(17.)</em></span> <span class='ocrx_word' id='word_1_27' title='bbox 501 464 725 504; x_wconf 82' lang='lat' dir='ltr'>COELIUS</span> <span class='ocrx_word' id='word_1_28' title='bbox 755 462 1040 503; x_wconf 84' lang='lat' dir='ltr'>CICERONI</span> <span class='ocrx_word' id='word_1_29' title='bbox 1069 462 1109 501; x_wconf 90' lang='lat' dir='ltr'>S.</span> 
     </span>
    </p>
   </div>
   <div class='ocr_carea' id='block_1_5' title="bbox 159 570 1301 1061">
    <p class='ocr_par' dir='ltr' id='par_1_5' title="bbox 159 570 1301 1061">
     <span class='ocr_line' id='line_1_6' title="bbox 220 570 1298 626; baseline -0.006 -14"><span class='ocrx_word' id='word_1_30' title='bbox 220 573 815 626; x_wconf 76' lang='lat' dir='ltr'>(Argumentum.-Que1itur</span> <span class='ocrx_word' id='word_1_31' title='bbox 841 584 881 610; x_wconf 89' lang='lat' dir='ltr'>se</span> <span class='ocrx_word' id='word_1_32' title='bbox 907 570 1086 610; x_wconf 83' lang='lat' dir='ltr'>Curionis</span> <span class='ocrx_word' id='word_1_33' title='bbox 1112 582 1241 607; x_wconf 86' lang='lat' dir='ltr'>amore</span> <span class='ocrx_word' id='word_1_34' title='bbox 1260 575 1298 606; x_wconf 89' lang='lat' dir='ltr'>et</span> 
     </span>
     <span class='ocr_line' id='line_1_7' title="bbox 161 623 1298 680; baseline -0.005 -13"><span class='ocrx_word' id='word_1_35' title='bbox 161 629 287 680; x_wconf 84' lang='lat' dir='ltr'>Appii</span> <span class='ocrx_word' id='word_1_36' title='bbox 305 629 392 667; x_wconf 80' lang='lat' dir='ltr'>odio</span> <span class='ocrx_word' id='word_1_37' title='bbox 411 629 452 667; x_wconf 89' lang='lat' dir='ltr'>in</span> <span class='ocrx_word' id='word_1_38' title='bbox 467 642 529 667; x_wconf 86' lang='lat' dir='ltr'>eas</span> <span class='ocrx_word' id='word_1_39' title='bbox 540 636 775 680; x_wconf 83' lang='lat' dir='ltr'>pertractum</span> <span class='ocrx_word' id='word_1_40' title='bbox 794 634 920 679; x_wconf 84' lang='lat' dir='ltr'>partes</span> <span class='ocrx_word' id='word_1_41' title='bbox 941 638 1035 672; x_wconf 90' lang='lat' dir='ltr'>esse,</span> <span class='ocrx_word' id='word_1_42' title='bbox 1048 623 1153 662; x_wconf 88' lang='lat' dir='ltr'>unde</span> <span class='ocrx_word' id='word_1_43' title='bbox 1171 624 1298 662; x_wconf 85' lang='lat' dir='ltr'>multa</span> 
     </span>
     <span class='ocr_line' id='line_1_8' title="bbox 159 678 1298 733; baseline -0.005 -12"><span class='ocrx_word' id='word_1_44' title='bbox 159 684 245 733; x_wconf 90' lang='lat' dir='ltr'>jam</span> <span class='ocrx_word' id='word_1_45' title='bbox 265 683 337 721; x_wconf 86' lang='lat' dir='ltr'>sibi</span> <span class='ocrx_word' id='word_1_46' title='bbox 355 682 612 721; x_wconf 86' lang='lat' dir='ltr'>incommoda.</span> <span class='ocrx_word' id='word_1_47' title='bbox 647 682 776 721; x_wconf 87' lang='lat' dir='ltr'>Caesar</span> <span class='ocrx_word' id='word_1_48' title='bbox 796 681 914 727; x_wconf 90' lang='lat' dir='ltr'>enim,</span> <span class='ocrx_word' id='word_1_49' title='bbox 939 679 981 717; x_wconf 89' lang='lat' dir='ltr'>in</span> <span class='ocrx_word' id='word_1_50' title='bbox 1003 679 1153 718; x_wconf 90' lang='lat' dir='ltr'>bellum</span> <span class='ocrx_word' id='word_1_51' title='bbox 1172 678 1298 716; x_wconf 82' lang='lat' dir='ltr'>Phar-</span> 
     </span>
     <span class='ocr_line' id='line_1_9' title="bbox 163 732 1298 789; baseline -0.005 -14"><span class='ocrx_word' id='word_1_52' title='bbox 163 738 325 776; x_wconf 85' lang='lat' dir='ltr'>salicum</span> <span class='ocrx_word' id='word_1_53' title='bbox 343 737 552 789; x_wconf 79' lang='lat' dir='ltr'>profectus,</span> <span class='ocrx_word' id='word_1_54' title='bbox 569 737 709 776; x_wconf 88' lang='lat' dir='ltr'>Romae</span> <span class='ocrx_word' id='word_1_55' title='bbox 724 736 891 775; x_wconf 88' lang='lat' dir='ltr'>Coelium</span> <span class='ocrx_word' id='word_1_56' title='bbox 909 741 1113 786; x_wconf 86' lang='lat' dir='ltr'>praetorem</span> <span class='ocrx_word' id='word_1_57' title='bbox 1131 732 1298 784; x_wconf 84' lang='lat' dir='ltr'>relique-</span> 
     </span>
     <span class='ocr_line' id='line_1_10' title="bbox 162 788 1298 844; baseline -0.005 -14"><span class='ocrx_word' id='word_1_58' title='bbox 162 800 249 830; x_wconf 83' lang='lat' dir='ltr'>rat:</span> <span class='ocrx_word' id='word_1_59' title='bbox 279 792 385 844; x_wconf 90' lang='lat' dir='ltr'>quod</span> <span class='ocrx_word' id='word_1_60' title='bbox 414 799 545 830; x_wconf 85' lang='lat' dir='ltr'>autem</span> <span class='ocrx_word' id='word_1_61' title='bbox 575 804 653 830; x_wconf 82' lang='lat' dir='ltr'>non</span> <span class='ocrx_word' id='word_1_62' title='bbox 680 791 785 838; x_wconf 89' lang='lat' dir='ltr'>huic,</span> <span class='ocrx_word' id='word_1_63' title='bbox 811 789 877 828; x_wconf 87' lang='lat' dir='ltr'>sed</span> <span class='ocrx_word' id='word_1_64' title='bbox 905 788 1115 835; x_wconf 85' lang='lat' dir='ltr'>Trebonio,</span> <span class='ocrx_word' id='word_1_65' title='bbox 1147 800 1206 825; x_wconf 88' lang='lat' dir='ltr'>res</span> <span class='ocrx_word' id='word_1_66' title='bbox 1232 800 1298 825; x_wconf 89' lang='lat' dir='ltr'>ur-</span> 
     </span>
     <span class='ocr_line' id='line_1_11' title="bbox 164 841 1299 897; baseline -0.006 -12"><span class='ocrx_word' id='word_1_67' title='bbox 164 847 283 885; x_wconf 87' lang='lat' dir='ltr'>banas</span> <span class='ocrx_word' id='word_1_68' title='bbox 301 846 564 895; x_wconf 81' lang='lat' dir='ltr'>mandaverat,</span> <span class='ocrx_word' id='word_1_69' title='bbox 584 846 648 884; x_wconf 88' lang='lat' dir='ltr'>hic</span> <span class='ocrx_word' id='word_1_70' title='bbox 666 858 766 897; x_wconf 87' lang='lat' dir='ltr'>aegre</span> <span class='ocrx_word' id='word_1_71' title='bbox 784 845 923 891; x_wconf 84' lang='lat' dir='ltr'>ferens,</span> <span class='ocrx_word' id='word_1_72' title='bbox 952 841 1197 881; x_wconf 85' lang='lat' dir='ltr'>aemulatione</span> <span class='ocrx_word' id='word_1_73' title='bbox 1215 848 1299 879; x_wconf 88' lang='lat' dir='ltr'>tur-</span> 
     </span>
     <span class='ocr_line' id='line_1_12' title="bbox 164 894 1298 952; baseline -0.004 -13"><span class='ocrx_word' id='word_1_74' title='bbox 164 901 233 939; x_wconf 79' lang='lat' dir='ltr'>bas</span> <span class='ocrx_word' id='word_1_75' title='bbox 252 900 371 949; x_wconf 81' lang='lat' dir='ltr'>dedit,</span> <span class='ocrx_word' id='word_1_76' title='bbox 402 902 545 952; x_wconf 83' lang='lat' dir='ltr'>quibus</span> <span class='ocrx_word' id='word_1_77' title='bbox 566 900 647 952; x_wconf 82' lang='lat' dir='ltr'>ipse</span> <span class='ocrx_word' id='word_1_78' title='bbox 666 900 820 952; x_wconf 84' lang='lat' dir='ltr'>gravius</span> <span class='ocrx_word' id='word_1_79' title='bbox 838 897 1000 936; x_wconf 83' lang='lat' dir='ltr'>incurrit</span> <span class='ocrx_word' id='word_1_80' title='bbox 1018 896 1182 934; x_wconf 83' lang='lat' dir='ltr'>malum.</span> <span class='ocrx_word' id='word_1_81' title='bbox 1212 894 1298 934; x_wconf 80' lang='lat' dir='ltr'>Ex-</span> 
     </span>
     <span class='ocr_line' id='line_1_13' title="bbox 167 949 1301 1007; baseline -0.004 -15"><span class='ocrx_word' id='word_1_82' title='bbox 167 963 275 994; x_wconf 89' lang='lat' dir='ltr'><strong>cusat</strong></span> <span class='ocrx_word' id='word_1_83' title='bbox 292 955 438 1007; x_wconf 82' lang='lat' dir='ltr'>itaque,</span> <span class='ocrx_word' id='word_1_84' title='bbox 461 955 567 1007; x_wconf 88' lang='lat' dir='ltr'>quod</span> <span class='ocrx_word' id='word_1_85' title='bbox 586 968 676 993; x_wconf 87' lang='lat' dir='ltr'>cum</span> <span class='ocrx_word' id='word_1_86' title='bbox 693 955 880 993; x_wconf 86' lang='lat' dir='ltr'>Cicerone</span> <span class='ocrx_word' id='word_1_87' title='bbox 898 964 976 990; x_wconf 90' lang='lat' dir='ltr'>non</span> <span class='ocrx_word' id='word_1_88' title='bbox 998 951 1190 1004; x_wconf 80' lang='lat' dir='ltr'>profectus</span> <span class='ocrx_word' id='word_1_89' title='bbox 1216 949 1301 988; x_wconf 88' lang='lat' dir='ltr'>fue-</span> 
     </span>
     <span class='ocr_line' id='line_1_14' title="bbox 164 1008 842 1061; baseline -0.003 -13"><span class='ocrx_word' id='word_1_90' title='bbox 164 1009 216 1048; x_wconf 83' lang='lat' dir='ltr'>rit</span> <span class='ocrx_word' id='word_1_91' title='bbox 231 1009 272 1047; x_wconf 88' lang='lat' dir='ltr'>in</span> <span class='ocrx_word' id='word_1_92' title='bbox 293 1009 487 1048; x_wconf 84' lang='lat' dir='ltr'>Graeciam</span> <span class='ocrx_word' id='word_1_93' title='bbox 507 1010 557 1047; x_wconf 86' lang='lat' dir='ltr'>ad</span> <span class='ocrx_word' id='word_1_94' title='bbox 577 1008 842 1061; x_wconf 87' lang='lat' dir='ltr'>Pompeium.)</span> 
     </span>
    </p>
   </div>
   <div class='ocr_carea' id='block_1_6' title="bbox 679 1086 789 1092">
    <p class='ocr_par' dir='ltr' id='par_1_6' title="bbox 679 1086 789 1092">
     <span class='ocr_line' id='line_1_15' title="bbox 679 1086 789 1092; baseline 0 0"><span class='ocrx_word' id='word_1_95' title='bbox 679 1086 789 1092; x_wconf 95' lang='lat' dir='ltr'> </span> 
     </span>
    </p>
   </div>
   <div class='ocr_carea' id='block_1_7' title="bbox 166 1116 1316 2199">
    <p class='ocr_par' dir='ltr' id='par_1_7' title="bbox 166 1116 1316 2041">
     <span class='ocr_line' id='line_1_16' title="bbox 220 1116 1301 1170; baseline -0.006 -13"><span class='ocrx_word' id='word_1_96' title='bbox 220 1117 328 1169; x_wconf 88' lang='lat' dir='ltr'>Ergo</span> <span class='ocrx_word' id='word_1_97' title='bbox 361 1131 425 1156; x_wconf 88' lang='lat' dir='ltr'>me</span> <span class='ocrx_word' id='word_1_98' title='bbox 454 1118 583 1170; x_wconf 84' lang='lat' dir='ltr'>potius</span> <span class='ocrx_word' id='word_1_99' title='bbox 612 1118 654 1156; x_wconf 85' lang='lat' dir='ltr'>in</span> <span class='ocrx_word' id='word_1_100' title='bbox 679 1116 873 1170; x_wconf 53' lang='lat' dir='ltr'>Hispani&amp;</span> <span class='ocrx_word' id='word_1_101' title='bbox 897 1116 1016 1156; x_wconf 87' lang='lat' dir='ltr'>fuisse</span> <span class='ocrx_word' id='word_1_102' title='bbox 1048 1121 1149 1162; x_wconf 89' lang='lat' dir='ltr'>tum,</span> <span class='ocrx_word' id='word_1_103' title='bbox 1181 1126 1301 1166; x_wconf 88' lang='lat' dir='ltr'>quam</span> 
     </span>
     <span class='ocr_line' id='line_1_17' title="bbox 168 1168 1304 1224; baseline -0.004 -14"><span class='ocrx_word' id='word_1_104' title='bbox 168 1172 349 1221; x_wconf 84' lang='lat' dir='ltr'>Formiis,</span> <span class='ocrx_word' id='word_1_105' title='bbox 371 1185 461 1211; x_wconf 88' lang='lat' dir='ltr'>cum</span> <span class='ocrx_word' id='word_1_106' title='bbox 480 1181 523 1211; x_wconf 84' lang='lat' dir='ltr'>tu</span> <span class='ocrx_word' id='word_1_107' title='bbox 542 1173 734 1224; x_wconf 79' lang='lat' dir='ltr'>profectus</span> <span class='ocrx_word' id='word_1_108' title='bbox 755 1184 794 1210; x_wconf 90' lang='lat' dir='ltr'>es</span> <span class='ocrx_word' id='word_1_109' title='bbox 813 1171 863 1210; x_wconf 86' lang='lat' dir='ltr'>ad</span> <span class='ocrx_word' id='word_1_110' title='bbox 884 1170 1117 1223; x_wconf 87' lang='lat' dir='ltr'>Pompeium</span> <span class='ocrx_word' id='word_1_111' title='bbox 1133 1171 1150 1207; x_wconf 78' lang='grc' dir='ltr'>Ρ</span> <span class='ocrx_word' id='word_1_112' title='bbox 1184 1168 1304 1217; x_wconf 81' lang='lat' dir='ltr'>Quod</span> 
     </span>
     <span class='ocr_line' id='line_1_18' title="bbox 167 1223 1304 1278; baseline -0.004 -14"><span class='ocrx_word' id='word_1_113' title='bbox 167 1226 333 1276; x_wconf 77' lang='lat' dir='ltr'>utinam,</span> <span class='ocrx_word' id='word_1_114' title='bbox 358 1225 446 1276; x_wconf 81' lang='lat' dir='ltr'>[aut</span> <span class='ocrx_word' id='word_1_115' title='bbox 460 1239 538 1265; x_wconf 83' lang='lat' dir='ltr'>non</span> <span class='ocrx_word' id='word_1_116' title='bbox 553 1228 595 1265; x_wconf 91' lang='lat' dir='ltr'>in</span> <span class='ocrx_word' id='word_1_117' title='bbox 613 1225 688 1266; x_wconf 63' lang='lat' dir='ltr'>ista</span> <span class='ocrx_word' id='word_1_118' title='bbox 706 1232 815 1278; x_wconf 85' lang='lat' dir='ltr'>parte</span> <span class='ocrx_word' id='word_1_119' title='bbox 833 1225 992 1278; x_wconf 88' lang='lat' dir='ltr'>Appius</span> <span class='ocrx_word' id='word_1_120' title='bbox 1013 1223 1215 1271; x_wconf 86' lang='lat' dir='ltr'>Claudius,</span> <span class='ocrx_word' id='word_1_121' title='bbox 1236 1229 1304 1260; x_wconf 87' lang='lat' dir='ltr'>aut</span> 
     </span>
     <span class='ocr_line' id='line_1_19' title="bbox 167 1277 1307 1334; baseline -0.004 -15"><span class='ocrx_word' id='word_1_122' title='bbox 167 1293 246 1319; x_wconf 87' lang='lat' dir='ltr'>non</span> <span class='ocrx_word' id='word_1_123' title='bbox 271 1280 312 1319; x_wconf 89' lang='lat' dir='ltr'>in</span> <span class='ocrx_word' id='word_1_124' title='bbox 343 1281 435 1334; x_wconf 87' lang='lat' dir='ltr'>hac]</span> <span class='ocrx_word' id='word_1_125' title='bbox 469 1281 516 1320; x_wconf 87' lang='lat' dir='ltr'>C.</span> <span class='ocrx_word' id='word_1_126' title='bbox 538 1281 672 1330; x_wconf 87' lang='lat' dir='ltr'>Curio,</span> <span class='ocrx_word' id='word_1_127' title='bbox 700 1281 813 1330; x_wconf 87' lang='lat' dir='ltr'>cujus</span> <span class='ocrx_word' id='word_1_128' title='bbox 840 1279 1009 1319; x_wconf 83' lang='lat' dir='ltr'>amicitia</span> <span class='ocrx_word' id='word_1_129' title='bbox 1026 1291 1090 1316; x_wconf 85' lang='lat' dir='ltr'>me</span> <span class='ocrx_word' id='word_1_130' title='bbox 1116 1277 1307 1330; x_wconf 83' lang='lat' dir='ltr'>paulatim</span> 
     </span>
     <span class='ocr_line' id='line_1_20' title="bbox 166 1331 1307 1387; baseline -0.004 -14"><span class='ocrx_word' id='word_1_131' title='bbox 166 1335 208 1374; x_wconf 88' lang='lat' dir='ltr'>in</span> <span class='ocrx_word' id='word_1_132' title='bbox 226 1335 326 1374; x_wconf 86' lang='lat' dir='ltr'>hanc</span> <span class='ocrx_word' id='word_1_133' title='bbox 343 1336 533 1387; x_wconf 79' lang='lat' dir='ltr'>perditam</span> <span class='ocrx_word' id='word_1_134' title='bbox 564 1348 720 1375; x_wconf 83' lang='lat' dir='ltr'>causam</span> <span class='ocrx_word' id='word_1_135' title='bbox 748 1335 933 1386; x_wconf 86' lang='lat' dir='ltr'>imposuit</span> <span class='ocrx_word' id='word_1_136' title='bbox 949 1349 959 1372; x_wconf 78' lang='lat' dir='ltr'><em>z</em></span> <span class='ocrx_word' id='word_1_137' title='bbox 991 1345 1085 1372; x_wconf 85' lang='lat' dir='ltr'>nam</span> <span class='ocrx_word' id='word_1_138' title='bbox 1103 1331 1202 1370; x_wconf 87' lang='lat' dir='ltr'>mihi</span> <span class='ocrx_word' id='word_1_139' title='bbox 1221 1343 1307 1369; x_wconf 91' lang='lat' dir='ltr'>sen-</span> 
     </span>
     <span class='ocr_line' id='line_1_21' title="bbox 167 1386 1305 1429; baseline -0.006 0"><span class='ocrx_word' id='word_1_140' title='bbox 167 1389 222 1428; x_wconf 88' lang='lat' dir='ltr'>tio</span> <span class='ocrx_word' id='word_1_141' title='bbox 250 1391 394 1429; x_wconf 86' lang='lat' dir='ltr'>bonam</span> <span class='ocrx_word' id='word_1_142' title='bbox 430 1398 603 1429; x_wconf 87' lang='lat' dir='ltr'><strong>mentem</strong></span> <span class='ocrx_word' id='word_1_143' title='bbox 641 1387 840 1428; x_wconf 65' lang='lat' dir='ltr'>iracundia</span> <span class='ocrx_word' id='word_1_144' title='bbox 877 1395 914 1427; x_wconf 90' lang='lat' dir='ltr'>et</span> <span class='ocrx_word' id='word_1_145' title='bbox 950 1399 1081 1426; x_wconf 89' lang='lat' dir='ltr'>amore</span> <span class='ocrx_word' id='word_1_146' title='bbox 1119 1386 1305 1424; x_wconf 85' lang='lat' dir='ltr'>ablatam.</span> 
     </span>
     <span class='ocr_line' id='line_1_22' title="bbox 167 1440 1308 1497; baseline -0.004 -15"><span class='ocrx_word' id='word_1_147' title='bbox 167 1444 278 1483; x_wconf 86' lang='lat' dir='ltr'>Tum</span> <span class='ocrx_word' id='word_1_148' title='bbox 305 1452 350 1483; x_wconf 88' lang='lat' dir='ltr'>tu</span> <span class='ocrx_word' id='word_1_149' title='bbox 378 1457 506 1497; x_wconf 86' lang='lat' dir='ltr'>porro,</span> <span class='ocrx_word' id='word_1_150' title='bbox 536 1458 626 1484; x_wconf 87' lang='lat' dir='ltr'>cum</span> <span class='ocrx_word' id='word_1_151' title='bbox 655 1444 706 1483; x_wconf 88' lang='lat' dir='ltr'>ad</span> <span class='ocrx_word' id='word_1_152' title='bbox 733 1451 771 1482; x_wconf 90' lang='lat' dir='ltr'>te</span> <span class='ocrx_word' id='word_1_153' title='bbox 797 1443 1038 1496; x_wconf 88' lang='lat' dir='ltr'>proficiscens</span> <span class='ocrx_word' id='word_1_154' title='bbox 1065 1448 1181 1479; x_wconf 87' lang='lat' dir='ltr'>noctu</span> <span class='ocrx_word' id='word_1_155' title='bbox 1211 1440 1308 1478; x_wconf 86' lang='lat' dir='ltr'>Ari-</span> 
     </span>
     <span class='ocr_line' id='line_1_23' title="bbox 167 1493 1308 1551; baseline -0.004 -14"><span class='ocrx_word' id='word_1_156' title='bbox 167 1499 322 1537; x_wconf 89' lang='lat' dir='ltr'>minum</span> <span class='ocrx_word' id='word_1_157' title='bbox 341 1499 545 1546; x_wconf 81' lang='lat' dir='ltr'>venissem,</span> <span class='ocrx_word' id='word_1_158' title='bbox 576 1499 672 1537; x_wconf 87' lang='lat' dir='ltr'>dum</span> <span class='ocrx_word' id='word_1_159' title='bbox 699 1497 798 1537; x_wconf 89' lang='lat' dir='ltr'>mihi</span> <span class='ocrx_word' id='word_1_160' title='bbox 825 1497 929 1551; x_wconf 81' lang='lat' dir='ltr'>pacis</span> <span class='ocrx_word' id='word_1_161' title='bbox 954 1496 1140 1535; x_wconf 84' lang='lat' dir='ltr'>mandata</span> <span class='ocrx_word' id='word_1_162' title='bbox 1165 1494 1233 1533; x_wconf 87' lang='lat' dir='ltr'>das</span> <span class='ocrx_word' id='word_1_163' title='bbox 1258 1493 1308 1532; x_wconf 89' lang='lat' dir='ltr'>ad</span> 
     </span>
     <span class='ocr_line' id='line_1_24' title="bbox 169 1549 1309 1603; baseline -0.004 -11"><span class='ocrx_word' id='word_1_164' title='bbox 169 1553 378 1601; x_wconf 82' lang='lat' dir='ltr'>Caesarem,</span> <span class='ocrx_word' id='word_1_165' title='bbox 408 1562 445 1592; x_wconf 91' lang='lat' dir='ltr'>et</span> <span class='ocrx_word' id='word_1_166' title='bbox 473 1553 683 1592; x_wconf 86' lang='lat' dir='ltr'>mirificum</span> <span class='ocrx_word' id='word_1_167' title='bbox 711 1552 834 1591; x_wconf 89' lang='lat' dir='ltr'>civem</span> <span class='ocrx_word' id='word_1_168' title='bbox 863 1552 960 1603; x_wconf 86' lang='lat' dir='ltr'>agis,</span> <span class='ocrx_word' id='word_1_169' title='bbox 991 1550 1107 1589; x_wconf 83' lang='lat' dir='ltr'>amici</span> <span class='ocrx_word' id='word_1_170' title='bbox 1136 1549 1309 1588; x_wconf 85' lang='lat' dir='ltr'>officium</span> 
     </span>
     <span class='ocr_line' id='line_1_25' title="bbox 168 1603 1304 1661; baseline -0.004 -16"><span class='ocrx_word' id='word_1_171' title='bbox 168 1608 387 1659; x_wconf 84' lang='lat' dir='ltr'>neglexisti,</span> <span class='ocrx_word' id='word_1_172' title='bbox 408 1620 534 1661; x_wconf 90' lang='lat' dir='ltr'>neque</span> <span class='ocrx_word' id='word_1_173' title='bbox 552 1608 651 1646; x_wconf 83' lang='lat' dir='ltr'>mihi</span> <span class='ocrx_word' id='word_1_174' title='bbox 670 1606 909 1646; x_wconf 85' lang='lat' dir='ltr'>consuluisti.</span> <span class='ocrx_word' id='word_1_175' title='bbox 940 1606 1083 1657; x_wconf 88' lang='lat' dir='ltr'>Neque</span> <span class='ocrx_word' id='word_1_176' title='bbox 1101 1604 1186 1643; x_wconf 89' lang='lat' dir='ltr'>haec</span> <span class='ocrx_word' id='word_1_177' title='bbox 1205 1603 1304 1651; x_wconf 86' lang='lat' dir='ltr'>dico,</span> 
     </span>
     <span class='ocr_line' id='line_1_26' title="bbox 169 1658 1316 1714; baseline -0.003 -14"><span class='ocrx_word' id='word_1_178' title='bbox 169 1662 275 1714; x_wconf 85' lang='lat' dir='ltr'>quod</span> <span class='ocrx_word' id='word_1_179' title='bbox 304 1662 478 1701; x_wconf 75' lang='lat' dir='ltr'>diffidam</span> <span class='ocrx_word' id='word_1_180' title='bbox 500 1662 592 1701; x_wconf 89' lang='lat' dir='ltr'>huic</span> <span class='ocrx_word' id='word_1_181' title='bbox 615 1675 763 1701; x_wconf 85' lang='lat' dir='ltr'>causae:</span> <span class='ocrx_word' id='word_1_182' title='bbox 796 1661 861 1700; x_wconf 91' lang='lat' dir='ltr'>sed</span> <span class='ocrx_word' id='word_1_183' title='bbox 887 1660 1016 1713; x_wconf 86' lang='lat' dir='ltr'>(crede</span> <span class='ocrx_word' id='word_1_184' title='bbox 1041 1658 1158 1707; x_wconf 86' lang='lat' dir='ltr'>mihi)</span> <span class='ocrx_word' id='word_1_185' title='bbox 1190 1658 1316 1710; x_wconf 86' lang='lat' dir='ltr'>perire</span> 
     </span>
     <span class='ocr_line' id='line_1_27' title="bbox 171 1714 1312 1769; baseline -0.004 -14"><span class='ocrx_word' id='word_1_186' title='bbox 171 1717 288 1755; x_wconf 74' lang='lat' dir='ltr'>satius</span> <span class='ocrx_word' id='word_1_187' title='bbox 316 1724 385 1763; x_wconf 87' lang='lat' dir='ltr'>est,</span> <span class='ocrx_word' id='word_1_188' title='bbox 417 1730 537 1769; x_wconf 87' lang='lat' dir='ltr'>quam</span> <span class='ocrx_word' id='word_1_189' title='bbox 561 1717 632 1755; x_wconf 93' lang='lat' dir='ltr'>hos</span> <span class='ocrx_word' id='word_1_190' title='bbox 658 1716 798 1755; x_wconf 87' lang='lat' dir='ltr'>videre.</span> <span class='ocrx_word' id='word_1_191' title='bbox 837 1715 958 1764; x_wconf 85' lang='lat' dir='ltr'>Quod</span> <span class='ocrx_word' id='word_1_192' title='bbox 984 1715 1016 1753; x_wconf 90' lang='lat' dir='ltr'>si</span> <span class='ocrx_word' id='word_1_193' title='bbox 1037 1714 1155 1752; x_wconf 83' lang='lat' dir='ltr'>timor</span> <span class='ocrx_word' id='word_1_194' title='bbox 1176 1720 1312 1751; x_wconf 85' lang='lat' dir='ltr'>vestrae</span> 
     </span>
     <span class='ocr_line' id='line_1_28' title="bbox 171 1768 1313 1822; baseline -0.005 -12"><span class='ocrx_word' id='word_1_195' title='bbox 171 1770 406 1810; x_wconf 82' lang='lat' dir='ltr'>crudelitatis</span> <span class='ocrx_word' id='word_1_196' title='bbox 430 1784 509 1809; x_wconf 87' lang='lat' dir='ltr'>non</span> <span class='ocrx_word' id='word_1_197' title='bbox 529 1779 639 1820; x_wconf 91' lang='lat' dir='ltr'>esset,</span> <span class='ocrx_word' id='word_1_198' title='bbox 669 1770 779 1821; x_wconf 83' lang='lat' dir='ltr'>ejecti</span> <span class='ocrx_word' id='word_1_199' title='bbox 806 1771 891 1821; x_wconf 87' lang='lat' dir='ltr'>jam</span> <span class='ocrx_word' id='word_1_200' title='bbox 918 1769 1069 1822; x_wconf 88' lang='lat' dir='ltr'>pridem</span> <span class='ocrx_word' id='word_1_201' title='bbox 1097 1768 1188 1806; x_wconf 87' lang='lat' dir='ltr'>hinc</span> <span class='ocrx_word' id='word_1_202' title='bbox 1215 1780 1313 1805; x_wconf 89' lang='lat' dir='ltr'>esse-</span> 
     </span>
     <span class='ocr_line' id='line_1_29' title="bbox 172 1824 1313 1877; baseline -0.004 -14"><span class='ocrx_word' id='word_1_203' title='bbox 172 1838 274 1864; x_wconf 90' lang='lat' dir='ltr'>mus.</span> <span class='ocrx_word' id='word_1_204' title='bbox 327 1826 435 1864; x_wconf 87' lang='lat' dir='ltr'>Nam</span> <span class='ocrx_word' id='word_1_205' title='bbox 461 1826 527 1865; x_wconf 71' lang='lat' dir='ltr'>hic</span> <span class='ocrx_word' id='word_1_206' title='bbox 556 1838 675 1874; x_wconf 92' lang='lat' dir='ltr'>nunc,</span> <span class='ocrx_word' id='word_1_207' title='bbox 712 1832 852 1877; x_wconf 86' lang='lat' dir='ltr'>praeter</span> <span class='ocrx_word' id='word_1_208' title='bbox 881 1824 1124 1863; x_wconf 74' lang='lat' dir='ltr'>foeneratores</span> <span class='ocrx_word' id='word_1_209' title='bbox 1155 1833 1313 1873; x_wconf 87' lang='lat' dir='ltr'>paucos,</span> 
     </span>
     <span class='ocr_line' id='line_1_30' title="bbox 171 1876 1312 1933; baseline -0.004 -15"><span class='ocrx_word' id='word_1_210' title='bbox 171 1892 242 1918; x_wconf 78' lang='lat' dir='ltr'>nec</span> <span class='ocrx_word' id='word_1_211' title='bbox 261 1879 393 1928; x_wconf 87' lang='lat' dir='ltr'>homo,</span> <span class='ocrx_word' id='word_1_212' title='bbox 414 1893 484 1919; x_wconf 86' lang='lat' dir='ltr'>nec</span> <span class='ocrx_word' id='word_1_213' title='bbox 503 1880 596 1919; x_wconf 88' lang='lat' dir='ltr'>ordo</span> <span class='ocrx_word' id='word_1_214' title='bbox 616 1880 825 1933; x_wconf 87' lang='lat' dir='ltr'>quisquam</span> <span class='ocrx_word' id='word_1_215' title='bbox 846 1886 917 1928; x_wconf 90' lang='lat' dir='ltr'>est,</span> <span class='ocrx_word' id='word_1_216' title='bbox 938 1878 1014 1916; x_wconf 89' lang='lat' dir='ltr'>nisi</span> <span class='ocrx_word' id='word_1_217' title='bbox 1035 1876 1312 1928; x_wconf 84' lang='lat' dir='ltr'>Pompeianus.</span> 
     </span>
     <span class='ocr_line' id='line_1_31' title="bbox 170 1930 1312 1986; baseline -0.002 -14"><span class='ocrx_word' id='word_1_218' title='bbox 170 1933 370 1986; x_wconf 87' lang='lat' dir='ltr'>Equidem</span> <span class='ocrx_word' id='word_1_219' title='bbox 391 1935 475 1985; x_wconf 87' lang='lat' dir='ltr'>jam</span> <span class='ocrx_word' id='word_1_220' title='bbox 502 1934 623 1982; x_wconf 86' lang='lat' dir='ltr'>effeci,</span> <span class='ocrx_word' id='word_1_221' title='bbox 654 1941 701 1973; x_wconf 86' lang='lat' dir='ltr'>ut</span> <span class='ocrx_word' id='word_1_222' title='bbox 726 1933 899 1972; x_wconf 83' lang='lat' dir='ltr'>maxime</span> <span class='ocrx_word' id='word_1_223' title='bbox 926 1933 1051 1984; x_wconf 85' lang='lat' dir='ltr'>plebS,</span> <span class='ocrx_word' id='word_1_224' title='bbox 1073 1938 1124 1981; x_wconf 87' lang='lat' dir='ltr'>et,</span> <span class='ocrx_word' id='word_1_225' title='bbox 1145 1930 1216 1983; x_wconf 91' lang='lat' dir='ltr'>qui</span> <span class='ocrx_word' id='word_1_226' title='bbox 1243 1943 1312 1970; x_wconf 87' lang='lat' dir='ltr'>an-</span> 
     </span>
     <span class='ocr_line' id='line_1_32' title="bbox 171 1988 963 2041; baseline -0.004 -13"><span class='ocrx_word' id='word_1_227' title='bbox 171 1995 233 2028; x_wconf 85' lang='lat' dir='ltr'>tea</span> <span class='ocrx_word' id='word_1_228' title='bbox 251 1997 379 2027; x_wconf 85' lang='lat' dir='ltr'>noster</span> <span class='ocrx_word' id='word_1_229' title='bbox 396 1988 486 2037; x_wconf 89' lang='lat' dir='ltr'>fuit,</span> <span class='ocrx_word' id='word_1_230' title='bbox 506 1989 691 2041; x_wconf 87' lang='lat' dir='ltr'>populus,</span> <span class='ocrx_word' id='word_1_231' title='bbox 711 1995 836 2027; x_wconf 87' lang='lat' dir='ltr'>vester</span> <span class='ocrx_word' id='word_1_232' title='bbox 855 1994 963 2026; x_wconf 87' lang='lat' dir='ltr'>esset.</span> 
     </span>
    </p>

    <p class='ocr_par' dir='ltr' id='par_1_8' title="bbox 173 2038 1314 2199">
     <span class='ocr_line' id='line_1_33' title="bbox 227 2038 1314 2096; baseline -0.004 -14"><span class='ocrx_word' id='word_1_233' title='bbox 227 2043 309 2082; x_wconf 86' lang='lat' dir='ltr'>Cur</span> <span class='ocrx_word' id='word_1_234' title='bbox 339 2043 427 2090; x_wconf 91' lang='lat' dir='ltr'>hoc,</span> <span class='ocrx_word' id='word_1_235' title='bbox 458 2043 616 2096; x_wconf 78' lang='lat' dir='ltr'>inquis?</span> <span class='ocrx_word' id='word_1_236' title='bbox 658 2044 790 2082; x_wconf 92' lang='lat' dir='ltr'>Immo</span> <span class='ocrx_word' id='word_1_237' title='bbox 819 2041 970 2094; x_wconf 81' lang='lat' dir='ltr'>reliqua</span> <span class='ocrx_word' id='word_1_238' title='bbox 998 2047 1189 2093; x_wconf 82' lang='lat' dir='ltr'>exspecta.</span> <span class='ocrx_word' id='word_1_239' title='bbox 1229 2038 1314 2078; x_wconf 91' lang='lat' dir='ltr'>Vos</span> 
     </span>
     <span class='ocr_line' id='line_1_34' title="bbox 173 2095 1310 2150; baseline -0.003 -15"><span class='ocrx_word' id='word_1_240' title='bbox 173 2097 312 2136; x_wconf 84' lang='lat' dir='ltr'>invitos</span> <span class='ocrx_word' id='word_1_241' title='bbox 343 2097 494 2137; x_wconf 87' lang='lat' dir='ltr'>vincere</span> <span class='ocrx_word' id='word_1_242' title='bbox 526 2098 696 2150; x_wconf 69' lang='lat' dir='ltr'>coegero.</span> <span class='ocrx_word' id='word_1_243' title='bbox 743 2096 900 2135; x_wconf 85' lang='lat' dir='ltr'>Irritavi</span> <span class='ocrx_word' id='word_1_244' title='bbox 932 2095 973 2134; x_wconf 93' lang='lat' dir='ltr'>in</span> <span class='ocrx_word' id='word_1_245' title='bbox 1010 2108 1075 2134; x_wconf 88' lang='lat' dir='ltr'>me</span> <span class='ocrx_word' id='word_1_246' title='bbox 1107 2095 1310 2135; x_wconf 81' lang='lat' dir='ltr'>catonem.</span> 
     </span>
     <span class='ocr_line' id='line_1_35' title="bbox 175 2147 1310 2199; baseline -0.004 -9"><span class='ocrx_word' id='word_1_247' title='bbox 175 2151 258 2192; x_wconf 91' lang='lat' dir='ltr'>Vos</span> <span class='ocrx_word' id='word_1_248' title='bbox 276 2151 476 2191; x_wconf 88' lang='lat' dir='ltr'>dormitis:</span> <span class='ocrx_word' id='word_1_249' title='bbox 507 2164 577 2192; x_wconf 88' lang='lat' dir='ltr'>nec</span> <span class='ocrx_word' id='word_1_250' title='bbox 606 2151 732 2191; x_wconf 78' lang='lat' dir='ltr'>adhue</span> <span class='ocrx_word' id='word_1_251' title='bbox 753 2150 853 2191; x_wconf 90' lang='lat' dir='ltr'>mihi</span> <span class='ocrx_word' id='word_1_252' title='bbox 871 2149 1057 2190; x_wconf 81' lang='lat' dir='ltr'>videmini</span> <span class='ocrx_word' id='word_1_253' title='bbox 1080 2147 1310 2199; x_wconf 84' lang='lat' dir='ltr'>intelligere,</span> 
     </span>
    </p>
   </div>
  </div>
 </body>
</html>
