1501 2407
374 556 442 602 M.
479 554 708 603 TULLII
746 550 1105 600 CICERONIS

459 680 1024 734 EPISTOLARUM

550 815 633 854 AD
662 811 946 852 DIVERSOS

605 928 759 966 LIBER
788 923 869 964 ΙΙΙ.

665 1045 818 1080 -Φ-

175 1135 193 1184 (
213 1133 267 1182 l.)
296 1131 356 1170 M.
376 1131 425 1171 T.
443 1130 490 1172 C.
519 1132 693 1172 APPIO
709 1131 1003 1177 PULCHRo,
1033 1131 1152 1170 IMP.
1175 1132 1212 1170 S.
1237 1129 1293 1170 D.

251 1241 576 1291 (Argumentum.
589 1241 785 1293 ——Appio
804 1241 973 1279 Pulchro
991 1241 1213 1279 brevitatem
1231 1254 1300 1279 ex-

179 1302 299 1341 cusat,
326 1295 430 1346 quod
449 1295 632 1343 Phanias,
653 1297 736 1345 ejus
758 1295 933 1342 libertus,
967 1295 1097 1333 omnia
1125 1303 1300 1332 narratu-

178 1362 244 1387 rus
263 1348 335 1393 sit;
357 1362 474 1400 quem
494 1362 616 1399 aeque,
636 1357 681 1387 ut
697 1349 827 1401 ipsum
845 1348 1039 1400 Appium,
1055 1348 1200 1395 laudat,
1214 1361 1302 1387 nec-

181 1415 259 1440 non
281 1401 456 1449 Cilicem,
476 1402 640 1440 alterum
666 1403 860 1441 libertum.
901 1402 1079 1441 Tandem
1098 1402 1300 1441 Valerium

179 1456 496 1505 jurisconsultum
518 1457 791 1505 commendat.)

235 1563 278 1602 Si
312 1564 397 1615 ipsa
425 1565 639 1615 respublica
668 1565 738 1603 tibi
761 1578 913 1604 narrare
939 1571 1079 1617 posset,
1109 1564 1302 1616 quomodo

181 1631 260 1656 sese
278 1617 448 1665 haberet,
482 1630 559 1656 non
584 1619 734 1657 facilius
761 1633 809 1658 ex
838 1619 883 1658 ea
910 1631 1130 1671 cognoscere
1158 1631 1301 1670 posses,

182 1685 302 1723 quam
321 1684 369 1709 ex
382 1672 519 1710 liberto
537 1679 604 1709 tuo
618 1673 791 1712 Phania:
813 1674 867 1712 ita
880 1680 935 1712 est
945 1673 1075 1721 homo,
1091 1685 1169 1711 non
1186 1672 1303 1710 modo

182 1725 363 1776 prudens,
385 1739 521 1764 verum
540 1726 655 1765 etiam
675 1728 796 1778 (quod
820 1729 946 1777 juvet)
972 1726 1152 1766 curiosus.
1192 1725 1304 1773 Qua-

181 1787 349 1831 propter,
369 1779 434 1818 ille
448 1780 519 1818 tibi
537 1781 667 1819 omnia
685 1782 909 1833 explanabit‘
918 1796 928 1819 ε
958 1781 999 1819 id
1018 1788 1055 1819 et
1073 1780 1122 1818 ad
1139 1779 1304 1818 brevita-

181 1841 262 1871 tem
280 1841 337 1872 est
355 1834 495 1885 aptiuS,
517 1841 553 1872 et
578 1834 627 1872 ad
651 1835 817 1887 reliquas
844 1849 903 1874 res
929 1834 1202 1886 providentius.
1239 1833 1304 1872 De

183 1888 272 1925 mea
291 1895 420 1925 autem
438 1889 706 1927 benevolenti-a
724 1896 875 1941 ergate,
888 1889 959 1928 etsi
977 1896 1083 1940 potes
1103 1901 1149 1926 ex
1169 1887 1303 1926 eodem

184 1941 337 1979 Phania
369 1954 618 1993 cognoscere;
648 1951 778 1982 tamen
806 1943 982 1982 videntur
1019 1942 1135 1981 etiam
1164 1941 1305 1992 aliquae

182 2007 281 2033 meae
299 2002 436 2046 partes.
477 1996 541 2035 Sic
566 1997 669 2035 enim
697 1998 767 2036 tibi
785 1997 983 2049 persuade,
1010 1995 1247 2034 carissimum
1265 2002 1304 2033 te

183 2049 281 2086 mihi
300 2062 391 2097 esse,
408 2063 496 2087 cum
519 2058 672 2102 propter
689 2052 832 2090 multas
852 2051 1055 2090 suavitates
1069 2049 1227 2101 ingenii,
1247 2048 1305 2087 of-

184 2102 273 2150 ficii,
294 2103 544 2142 humanitatis
564 2112 664 2149 tuae;
695 2113 780 2143 tum
803 2105 907 2157 quod
935 2119 983 2143 ex
1010 2104 1087 2142 tuis
1113 2103 1247 2151 literis,
1267 2109 1305 2140 et

184 2170 232 2194 ex
251 2157 464 2195 multorum
495 2160 748 2206 sermonibus,
782 2160 969 2210 intellig0,
999 2158 1143 2203 omnia,
1177 2170 1265 2208 quae
1283 2169 1306 2194 a

184 2215 248 2248 me
276 2211 447 2262 profecta
475 2220 565 2251 sunt
603 2213 642 2251 in
675 2221 724 2261 te,
760 2214 830 2252 tibi
867 2213 1044 2253 accidisse
1080 2210 1306 2264 gratissima.
