1501 2407
280 110 365 150 AD
392 109 692 152 DIVERSOS.
723 110 825 166 Lrn.
845 109 948 151 VII.
976 111 1049 149 20,
1145 108 1228 146 201*

101 218 269 257 conscidi
285 219 527 260 innocentem
541 236 554 260 z
582 221 681 260 nihil
700 220 804 260 enim
826 220 1005 268 habebat,
1026 216 1131 270 quod
1149 229 1228 255 non

103 273 166 311 vel
182 272 224 311 in
248 275 427 314 concione
451 284 551 314 recte
574 276 651 328 legi
675 283 814 328 posset.
856 274 932 314 Sed
958 281 995 311 et
1013 272 1228 311 Arruntius

102 326 157 365 ita
172 334 208 366 te
225 329 430 368 mandasse
448 330 586 377 aiebat,
600 339 637 369 et
656 338 699 369 tu
718 328 980 380 adscn‘pseras.
1009 328 1161 366 Verum
1180 326 1228 363 il-

102 380 174 419 lud
195 390 299 421 esto:
330 384 429 422 nihil
452 393 489 423 te
514 385 563 423 ad
586 398 650 423 me
672 393 804 437 postea
829 382 1021 435 scripsisse
1046 380 1227 430 demiror,

100 437 312 488 praesertim
330 444 412 477 tam
430 439 539 478 novis
556 441 683 478 rebus.
716 439 829 479 Vale.

278 547 394 602 (19.)
425 549 637 590 CICERO
667 547 975 590 TREBATIO
1004 548 1045 587 S.

159 658 754 710 (Argumentum-Antonio,
778 666 865 712 post
891 656 1052 697 Caesaris
1081 668 1234 705 necem,

105 713 385 764 rempublicam
408 716 600 763 turbante,
617 715 763 763 Cicero,
779 715 982 766 desperans
999 713 1233 758 libertatem,

105 765 145 805 in
168 767 357 806 Graeciam
385 769 489 808 abire
519 770 724 808 constituit.
762 770 811 807 ln
842 781 919 820 quo
941 768 1076 805 itinere
1103 769 1132 788 ‘⁶
1152 766 1235 804 To-

106 820 310 872 picorum”
337 823 483 862 librum
513 824 686 876 scripsit3
718 836 885 875 eumque
915 821 1098 860 Trebatio
1127 820 1237 858 misit

107 877 157 913 ab
177 876 343 928 Rhegio,
362 877 431 917 ubi
450 885 487 916 et
504 878 565 916 hae
583 879 703 918 literae
721 886 811 917 sunt
831 878 943 928 datae,
964 876 1012 915 de
1025 889 1100 915 usu
1119 882 1157 914 et
1174 875 1237 913 in-

108 931 377 983 terpretatione
396 934 480 983 ejus
498 933 588 971 libri
607 931 817 984 docentes.)

166 1039 284 1088 Vide,
312 1042 448 1094 quanti
469 1041 575 1095 apud
600 1056 664 1082 me
690 1043 764 1089 sis;
794 1042 864 1082 etsi
886 1042 974 1092 jure
991 1040 1032 1078 id
1051 1038 1208 1092 quidem
1224 1052 1241 1076 ε

112 1104 191 1132 non
211 1095 314 1134 enim
334 1105 372 1135 te
390 1110 520 1136 amore
539 1097 660 1136 vinco.
691 1098 988 1144 Verumtamen,
1017 1095 1121 1147 quod
1138 1107 1240 1146 prae·

111 1149 210 1187 senti
240 1149 311 1188 tibi
339 1164 459 1203 prope
486 1153 754 1203 subnegarem,
781 1164 857 1192 non
887 1151 1094 1189 tribuerem
1125 1156 1239 1197 certe,

113 1203 154 1241 id
173 1205 322 1242 absenti
336 1206 472 1244 debere
489 1218 568 1245 non
586 1206 707 1258 potui.
738 1207 891 1258 Itaque,
912 1213 956 1242 ut
975 1205 1147 1256 primum
1161 1203 1242 1241 Ve-

112 1257 167 1296 lia
199 1259 379 1310 naw’gare
415 1261 524 1312 coepi,
558 1261 708 1299 institui
742 1263 770 1283 “
800 1260 975 1312 Topica”
1006 1258 1242 1297 Aristotelea

114 1313 362 1362 conscribere,
387 1316 436 1353 ab
464 1315 548 1367 ipsit
570 1317 664 1354 urbe
684 1315 954 1361 commonitus,
976 1312 1242 1351 amantissima

113 1367 185 1405 tui.
216 1367 324 1406 Eum
342 1369 488 1408 librmn
507 1369 578 1409 tibi
601 1370 691 1408 misi
710 1370 877 1421 Rhegio,
899 1368 1099 1419 scriptum,
1121 1379 1242 1418 quam

114 1422 339 1473 planissime
363 1437 422 1462 res
453 1424 522 1462 illa
547 1425 660 1463 scribi
689 1425 828 1476 potuit.
872 1423 940 1462 Sin
966 1422 1037 1460 tibi
1063 1421 1243 1473 quaedam

113 1476 347 1516 videbuntur
359 1479 590 1527 obscuriora,
602 1479 766 1531 cogitare
778 1477 946 1526 debebis,
956 1477 1107 1515 nullam
1122 1486 1244 1513 artem

113 1529 248 1580 literis,
275 1532 357 1571 sine
381 1533 601 1585 interprete,
629 1543 666 1572 et
691 1534 771 1573 sine
801 1532 932 1584 aliqua
963 1530 1244 1577 exercitatione,

114 1585 258 1638 percipi
287 1600 410 1639 posse.
452 1588 547 1627 Non
579 1590 693 1640 longe
722 1588 882 1627 abieris:
923 1599 1020 1624 num
1046 1586 1112 1635 jus
1136 1584 1246 1623 civile

106 1646 287 1680 .vestrum
317 1655 366 1680 ex
390 1643 498 1681 libris
524 1643 700 1695 cognosci
721 1644 879 1695 potest?
909 1641 978 1693 qui
1005 1651 1247 1692 quamquam

115 1695 277 1746 plurimi
308 1704 411 1745 sunt,
443 1697 636 1737 doctorem
666 1705 796 1736 tamen
831 1695 1065 1747 [usumque]
1099 1693 1246 1732 deside-

115 1756 214 1787 rant.
245 1750 499 1803 Quamquam
522 1760 581 1802 tu,
602 1752 634 1791 si
652 1759 795 1790 attente
811 1752 932 1803 legeS,
953 1750 984 1788 si
1003 1749 1157 1800 saepius,
1178 1761 1247 1799 per

115 1809 155 1842 te
184 1805 316 1843 omnia
349 1804 593 1858 consequere,
625 1814 671 1845 ut
702 1814 801 1845 certe
833 1805 1053 1856 intelligas:
1084 1810 1130 1841 ut
1160 1814 1250 1841 vero

118 1858 236 1897 etiam
261 1859 338 1911 ipsi
362 1860 433 1899 tibi
457 1861 544 1909 loci,
568 1861 766 1913 proposita
788 1859 1011 1912 quaestione,
1033 1864 1247 1904 occurrant,

119 1913 387 1954 exercitatione
405 1919 648 1968 consequere.
678 1917 730 1954 In
746 1917 824 1967 qu&
839 1913 998 1966 quidem
1012 1926 1082 1951 nos
1102 1920 1139 1950 te
1158 1923 1251 1950 con-

109 1967 340 2017 sinebimus,
363 1969 394 2008 si
414 1977 451 2008 et
469 1970 566 2009 salvi
584 1970 824 2018 redierimus,
852 1977 890 2008 et
909 1969 1014 2007 salva
1031 1967 1104 2006 ista
1129 1966 1252 2005 offen-

115 2021 296 2062 derimus.
327 2023 368 2063 V
391 2023 474 2062 Cal.
496 2026 602 2064 Sext.
624 2024 790 2076 Rhegio.

259 2134 375 2186 (20.)
404 2131 619 2173 CICERO
647 2131 955 2173 TREBATIO
985 2133 1024 2173 S.
1042 2130 1096 2171 D.

171 2242 498 2294 (Argumentum
512 2243 642 2284 —De
671 2242 915 2282 Veliensium
947 2242 988 2280 in
1014 2239 1254 2280 Trebatium

115 2309 247 2352 amore
275 2296 462 2349 significat
476 2313 492 2336 ι
522 2306 574 2349 et,
601 2311 650 2339 ne
672 2306 850 2350 paternas
878 2296 1131 2349 possessiones
1153 2307 1253 2344 ven-3
