1501 2407
267 106 321 157 90
468 101 552 141 AD
581 99 880 142 DIVERSOS.
909 100 1011 140 Lm.
1042 101 1118 141 IV.
1148 102 1188 141 4.

271 225 316 251 m
333 210 431 250 mihi
450 210 616 249 salutem
630 206 763 249 afferi-e
781 209 995 249 videantur.
1027 209 1089 248 Te
1106 216 1240 249 autem
1256 210 1307 250 ab
1324 209 1399 250 ini-

272 266 327 306 tio
347 265 482 311 aetatis,
498 264 685 303 memoria
703 272 827 312 teneo,
844 277 997 303 summe
1015 264 1193 303 omnium
1210 264 1401 305 doctrina-

273 333 363 359 rum
383 319 597 358 studiosum
622 319 752 365 fuisse,
773 318 993 370 omniaque,
1014 331 1101 370 quae
1119 332 1144 356 a
1167 318 1398 371 sapientissi-

271 374 347 413 mis
367 373 417 412 ad
434 376 532 412 bene
551 373 758 411 vivendum
781 372 921 410 tradita
939 379 1076 421 essent,
1097 385 1252 411 summo
1269 373 1397 412 studio

272 429 443 480 curaque
462 427 647 465 didicisse.
678 427 780 475 Quae
798 426 956 478 quidem
976 427 1038 465 vel
1055 427 1211 478 optimis
1228 428 1342 466 rebus
1359 434 1398 466 et

276 483 364 521 usui
388 490 425 520 et
451 481 691 520 delectationi
717 494 795 518 esse
816 488 994 532 possent:
1025 481 1086 519 his
1104 494 1193 519 vero
1217 481 1400 533 tempori-

276 539 351 576 bus
369 536 558 574 habemus
578 534 684 572 aliud
703 535 814 582 nihil,
835 534 876 572 in
891 547 968 586 quo
987 535 1282 586 acquiescamus.

331 590 446 629 Nihil
476 589 614 628 faciam
633 589 838 627 insolenter
854 602 866 626 z
896 601 1021 640 neque
1039 596 1092 635 te,
1113 589 1182 627 tali
1201 589 1262 627 vel
1281 589 1402 628 scien-

275 644 332 684 113
351 645 411 683 vel
423 643 560 681 11311113
573 643 794 694 praeditum,
810 643 1003 690 hortabor,
1019 650 1063 680 ut
1077 642 1127 681 ad
1142 656 1204 681 eas
1216 650 1254 681 te
1265 643 1406 683 referas

277 706 390 746 artes,
426 698 566 750 quibus
597 710 620 734 a
649 696 784 747 primis
814 697 1050 748 temporibus
1075 697 1196 735 aetatis
1229 697 1405 736 studium

278 760 394 791 tuum
409 751 556 790 dedisti.
588 750 762 788 Tantum
782 750 922 796 dicam,
939 750 1063 803 (quod
1081 758 1118 789 te
1138 764 1247 803 spero
1264 764 1404 804 appro-

277 804 480 855 baturum)
511 818 588 853 me,
612 814 864 856 posteaquam
889 804 948 842 illi
972 805 1058 852 arti,
1085 805 1148 843 cui
1165 805 1403 854 studueram,

278 861 377 899 nihil
396 873 475 898 esse
500 859 574 897 loci
592 871 717 910 neque
735 858 776 895 in
802 858 908 897 311113
926 871 1050 910 neque
1069 858 1110 896 in
1127 858 1210 897 foro
1228 859 1405 908 videt-lm,

281 927 439 953 omnem
457 926 585 952 meam
600 925 731 950 curam
750 920 866 964 atque
877 925 1034 964 operam
1052 912 1102 951 ad
1120 912 1405 965 philosophiam

281 968 496 1008 contulisse.
525 967 626 1005 Tuae
655 967 819 1005 scientiae
838 967 1038 1005 excellenti
1056 979 1100 1005 ac
1125 966 1310 1018 singulari
1328 980 1407 1006 non

282 1023 408 1061 multo
427 1022 528 1073 plus,
559 1033 679 1072 quam
704 1028 858 1069 nostrae,
884 1021 1060 1059 relictum
1078 1028 1134 1059 est
1158 1021 1259 1059 1031.
1274 1020 1409 1069 Quare

281 1089 360 1115 non
391 1076 571 1127 equidem
606 1084 643 1113 te
673 1087 838 1113 11101130.
869 1074 933 1112 sed
956 1074 1054 1112 mihi
1082 1075 1137 1113 ita
1163 1075 1348 1126 persuasi,
1368 1082 1408 1115 te

281 1143 436 1183 quoque
454 1130 494 1167 in
514 1129 650 1168 iisdem
671 1129 810 1167 versari
835 1130 964 1178 rebus,
985 1142 1087 1180 quae,
1108 1128 1258 1167 etiamsi
1276 1130 1407 1168 minus

279 1185 515 1237 prodessent,
551 1183 727 1221 animum
755 1190 883 1221 tamen
912 1196 935 1221 a
961 1183 1216 1222 sollicitudine
1242 1183 1410 1222 abduce.

280 1247 377 1278 rent.
408 1238 562 1277 Servius
581 1237 739 1288 quidem
760 1245 849 1275 tuus
863 1237 902 1274 in
923 1237 1131 1275 omnibus
1119 1238 1297 1299 mgenuis
1316 1237 1410 1276 arti..

280 1295 369 1340 bus,
388 1293 430 1330 in
448 1292 659 1343 primisque
678 1291 788 1338 hac,'
778 1303 819 1328 111
839 1291 917 1342 qua
931 1303 1002 1342 ego
1014 1304 1077 1329 me
1094 1291 1226 1342 scripsi
1237 1291 1410 1343 acquies-

286 1360 384 1395 cere,
415 1346 469 1385 ita
493 1354 679 1392 versatur,
700 1353 744 1383 ut
763 1345 935 1383 excellat.
969 1345 1004 1382 A
1023 1357 1086 1383 me
1103 1357 1191 1383 vero
1209 1345 1264 1384 sic
1281 1345 1411 1397 diligi-

284 1408 363 1449 tur,
384 1408 429 1438 ut
457 1400 527 1438 tibi
557 1399 627 1437 uni
645 1399 864 1447 concedam,
885 1407 1067 1450 praeterea
1090 1398 1260 1437 nemim.
1290 1399 1409 1438 mihi-

285 1468 362 1507 que
390 1456 438 1492 ab
477 1467 520 1492 eo
551 1453 674 1504 gratia
702 1452 890 1491 refertur:
921 1453 962 1491 in
992 1466 1070 1504 quo
1101 1453 1167 1491 ille
1199 1453 1406 1503 existimat,

286 1508 412 1561 (quod
429 1508 541 1546 facile
559 1505 758 1558 appareat)
776 1520 866 1545 cum
884 1519 948 1545 me
966 1507 1066 1546 colat
1084 1514 1121 1545 et
1139 1509 1325 1558 observet,
1337 1508 1411 1551 tibi

287 1575 441 1614 quoque
459 1562 499 1600 in
518 1575 562 1601 eo
581 1574 620 1600 se
637 1561 760 1600 facere
777 1560 1051 1612 gratissimum.
1081 1561 1193 1601 Vale.

374 1724 459 1779 (4.)
501 1724 563 1764 M.
584 1725 635 1764 Τ.
657 1724 703 1764 C.
744 1726 783 1765 S.
807 1724 861 1764 D.
892 1725 1011 1765 SER.
1045 1724 1326 1766 SULPICIO.

344 1834 401 1886 (A
408 1839 672 1895 rgunoerftum.
698 1859 753 1867 -
783 1833 944 1885 Sulpicii
977 1833 1218 1872 excusatione
1260 1833 1414 1887 accepta

284 1902 333 1928 ex
352 1896 474 1940 parte,
498 1887 694 1939 ipsiusque
714 1888 902 1939 elegantia
919 1886 1109 1927 scribe'ndi
1125 1887 1297 1936 laudata,
1317 1901 1415 1940 pro-

284 1942 488 2034 {aefinflffi
509 1941 1415 2047 ιωωῐζξζῗᾱᾈηῗῖἓὲΒριῖὶῗὲῗωικιῖἒιῗὲῗῗθῖἓ

291 2053 353 2088 tus
371 2050 412 2088 in
443 2050 622 2088 Marcelli
639 2050 876 2088 restitutione
893 2049 1042 2098 offici03
1074 2049 1123 2088 de
1138 2048 1274 2089 studiis
1292 2049 1415 2089 Servii

292 2103 378 2153 filii,
399 2111 438 2143 et
455 2104 539 2143 aliis
557 2102 703 2153 rebus.)

345 2211 507 2264 Accipio
527 2211 812 2251 excusationem
829 2220 954 2260 taam,
973 2210 1054 2264 (1113
1072 2224 1165 2251 113113
1183 2223 1237 2260 33,
1258 2223 1325 2251 cur
1343 2223 1415 2261 saeq

289 2265 378 2319 pius
396 2266 445 2305 ad
464 2278 527 2305 me
544 2265 672 2306 literas
688 2279 766 2306 uno
778 2267 956 2319 exemplo
967 2265 1158 2307 dedisses:
1188 2265 1254 2306 sed
1271 2264 1415 2318 accipio
