1481 2422
209 131 290 171 344
405 127 490 167 AD
518 124 821 167 DIVERSOS.
851 123 952 164 1111:-
972 123 1052 164 XI.
1084 124 1148 164 18.

211 251 364 292 regnas,
395 237 508 276 mitte
536 236 587 276 ad
612 236 776 289 Lupum
803 242 994 283 nostrum,
1017 241 1064 273 ut
1086 234 1120 273 is
1144 234 1255 275 nob'm
1275 247 1340 275 ms
1401 279 1406 282 ,

213 293 402 333 centurias
421 292 607 332 conficiat.
636 292 731 330 Non
746 291 883 329 tenebo
901 297 939 328 te
956 289 1147 342 pluribus.
1186 290 1339 329 Ponam
1391 295 1397 303 '

214 349 256 387 in
276 355 449 387 extremo
468 346 573 400 quod
592 346 724 385 sentio.
755 345 870 384 Nihil
889 352 960 392 est,
988 344 1126 393 Brute,
1153 357 1243 384 cum
1261 357 1347 384 om-

216 403 283 443 nia
300 417 324 442 a
338 410 376 442 te
394 409 626 455 exspectem,
646 399 752 453 quod
765 399 864 438 mihi
882 398 1029 451 gratius
1046 398 1169 438 facere
1186 399 1320 452 possis.

293 564 409 617 (17.)
440 564 503 604 M.
524 564 575 603 T.
599 563 646 604 C.
676 563 730 603 D.
760 562 979 613 BRUTO,
1008 561 1133 602 IMP.
1161 563 1202 604 S.
1220 562 1276 602 D.

276 677 669 727 (Argumentum.—
680 672 939 713 Commendat
953 671 1135 712 eumdem
1153 672 1350 726 Iamiam,

221 731 362 784 scripta
380 729 541 783 epistol&⁴
558 728 665 769 brevi
684 736 772 781 post
789 727 1056 781 superiorem.)

279 838 422 878 Lamia
447 851 527 878 uno
553 837 732 878 omnium
757 837 1054 876 familiarissime
1072 844 1173 877 utor.
1202 837 1355 891 Magna

223 896 308 945 ejus
325 894 367 932 in
385 906 465 943 me,
485 906 563 931 non
583 893 668 932 dico
685 892 824 940 officia,
844 892 910 931 sed
928 892 1067 931 merita
1082 906 1095 938 ;
1125 906 1247 946 mque
1264 902 1355 933 sunt

223 949 370 1002 populo
406 949 588 988 Romano
625 947 836 986 notissima.
884 947 940 995 Is,
977 947 1358 999 magnificentissimo

225 1016 387 1042 munere
405 1003 597 1042 aedilitatis
621 1002 860 1055 perfunctus,
887 1001 985 1054 petit
1005 1009 1244 1055 praeturam3
1273 1015 1359 1042 om-

226 1071 373 1110 nesque
401 1057 639 1109 intelligunt,
673 1070 743 1096 nec
769 1057 997 1109 dignitatem
1035 1057 1071 1095 ei
1105 1057 1251 1107 deesse,
1287 1070 1360 1098 nec

226 1114 405 1165 gratiam.
442 1112 518 1152 Sed
536 1113 569 1151 is
588 1112 757 1151 ambitus
776 1120 925 1151 exstare
942 1110 1106 1160 videtur,
1122 1119 1168 1151 ut
1185 1125 1257 1165 ego
1274 1125 1360 1152 om-

227 1168 294 1206 nia
311 1168 595 1219 pertimescam,
619 1174 820 1219 totamque
845 1166 1070 1219 petitionem
1091 1167 1242 1206 Iaamiae
1262 1167 1361 1206 mihi

228 1222 492 1261 sustinendam
511 1230 658 1274 putem.
688 1222 738 1260 In
758 1222 803 1260 αἱ
822 1235 863 1260 re
876 1229 1069 1274 quantum
1080 1234 1144 1260 me
1157 1222 1279 1275 possis
1293 1221 1362 1261 ad-

225 1278 377 1327 juvare,
416 1277 527 1316 facile
563 1276 775 1329 perspicio:
814 1288 884 1316 nec
913 1289 1016 1326 vero,
1050 1285 1244 1329 quantum
1274 1276 1363 1317 mea

232 1332 348 1370 causa
368 1332 477 1380 velis,
497 1331 645 1369 dubito.

285 1386 419 1425 Velim
437 1386 571 1438 igitur,
591 1385 649 1424 mi
667 1386 805 1435 Brute,
824 1385 897 1424 tibi
914 1385 1157 1438 persuadeas,
1176 1385 1275 1425 nihil
1297 1400 1363 1427 me

231 1441 379 1490 majore
403 1440 532 1478 studio
556 1453 580 1478 a
604 1448 642 1478 te
665 1449 806 1492 petere,
833 1440 932 1479 nihil
953 1447 991 1478 te
1012 1440 1111 1478 mihi
1133 1441 1280 1493 gratius
1306 1442 1366 1481 fa-

231 1507 316 1534 eere
333 1507 458 1546 posse,
479 1506 599 1547 quam
619 1495 665 1542 si,
689 1495 871 1534 omnibus
888 1494 965 1533 tuis
984 1495 1138 1547 opibus,
1158 1496 1265 1535 omni
1284 1503 1366 1536 stu-

232 1549 312 1597 dio,
343 1548 526 1588 Lamiam
555 1549 596 1586 in
625 1549 810 1601 petitione
829 1550 998 1600 juveris:
1029 1549 1136 1601 quod
1160 1558 1206 1590 ut
1231 1550 1363 1602 fadas,

235 1603 482 1642 vehementer
500 1611 538 1643 te
551 1615 656 1654 rogo.
686 1604 799 1643 Vale.

237 1766 354 1819 (18.)
383 1768 446 1808 M.
462 1768 514 1807 T.
536 1766 584 1808 C.
615 1767 669 1807 D.
698 1768 916 1863 ΒῙέῘῙΙξῸ,
946 1768 1069 1808 ΙΜΡ.
1100 1767 1219 1810 Cos.
1242 1769 1365 1811 DES-

293 1931 623 1983 (Argumentum.
642 1953 694 1961 —
710 1932 974 1984 Reprehendit
999 1932 1041 1971 in
1079 1933 1243 1974 Decimo
1269 1947 1368 1975 non-

193 2014 198 2018 ·
238 1986 391 2026 nullam
421 1987 570 2026 timoris
600 1986 930 2038 signifiationem.
970 1988 1121 2040 Scripta
1151 1997 1238 2042 post
1274 1989 1371 2029 Hir-

239 2041 340 2080 tium
363 2049 401 2080 et
420 2042 590 2081 Pansam
609 2042 784 2081 consules
802 2041 1049 2093 interfectos.)

296 2149 398 2201 Etsi,
430 2163 478 2190 ex
507 2151 701 2191 mandatis
725 2165 814 2204 quae
843 2152 982 2192 Galbae
999 2152 1292 2207 Volumnioque
1320 2154 1371 2193 ad

242 2212 419 2244 senatum
447 2205 601 2256 dedisti,
640 2205 736 2258 quid
768 2206 987 2246 timendum
1019 2207 1373 2262 suspicandumque

242 2267 410 2311 putares,
449 2262 769 2313 suspicabamur;
809 2269 940 2302 tamen
969 2261 1163 2302 timidiora
1189 2263 1372 2304 mandata
