1481 2422
211 75 291 113 338
401 73 485 112 AD
515 71 818 112 DIVERSOS.
849 71 946 110 Lm.
968 70 1047 110 XI.
1080 70 1146 108 11.

212 182 360 235 genties
377 182 557 235 amplius.
589 182 766 220 Tantum
784 182 905 229 abest,
924 186 970 219 ut
987 192 1086 218 meae
1103 178 1160 217 rei
1177 177 1345 220 familia,

212 237 266 276 ris
282 237 450 276 liberum
474 237 523 276 sit
541 236 772 289 quidquam,
792 242 837 274 ut
861 247 994 273 omnes
1021 235 1107 283 jam
1125 245 1232 272 meos
1249 237 1348 275 ami..
1425 271 1433 279 „

215 305 279 331 cos
309 306 382 331 aere
410 292 535 330 alieno
565 290 849 330 obstrinxerim.
891 290 1103 340 Septenum
1132 300 1340 329 numerum

218 345 364 400 [nunc]
384 347 583 398 legionum
602 346 662 384 alo
680 359 692 391 3
723 345 803 396 qua
827 343 1065 390 difficultate,
1085 349 1130 381 tu
1148 342 1344 384 arbitrare.

217 401 325 450 Non,
347 401 379 439 si
397 401 583 440 Varronis
601 400 796 438 thesauros
813 399 1011 446 haberem,
1025 396 1229 436 subsistere
1243 412 1350 438 sum-

219 455 278 493 tui
295 468 460 507 possem.

276 510 380 549 Cum
408 509 582 562 primum
612 508 660 548 de
681 507 857 546 Antonio
887 506 1132 557 exploratum
1161 506 1347 559 habuero,

219 563 361 603 faciam
379 572 417 603 te
436 564 646 603 certiorem.
676 562 742 600 Tu
761 575 825 600 me
844 561 993 599 amabis
1014 560 1082 605 ita,
1104 559 1138 598 si
1154 560 1227 601 hoc
1245 562 1349 603 idem

220 631 285 711 ige
302 619 343 656 in
361 626 400 657 te
418 617 540 657 facere
562 617 732 656 senseris.
763 616 834 655 ΙΙΙ
860 615 968 654 Non.
988 614 1106 666 Maii,
1135 628 1186 654 ex
1203 619 1350 669 castris,

269 673 414 713 ertone.

247 827 362 880 (ll.)
403 828 458 868 D.
490 828 737 876 BRUTUS,
768 827 892 867 IMP.
923 827 1041 868 COS·
1066 826 1190 868 DES.
1218 828 1260 869 S.
1279 827 1336 867 D.

589 883 653 921 M.
686 881 987 923 CICERONI.

284 992 612 1044 (Argu-mentum.
622 1015 677 1021 —
688 991 846 1031 Memor
863 992 1090 1031 meritorum
1103 991 1145 1030 in
1159 1005 1199 1032 se
1210 991 1365 1032 cicero-

232 1047 309 1096 nis,
340 1047 412 1086 iter
433 1047 601 1086 Antonii
632 1046 682 1085 ad
712 1046 924 1098 Lepidum,
957 1046 1195 1099 dubiamque
1227 1047 1369 1094 Planci

232 1102 365 1152 fidem,
386 1109 424 1141 et
443 1114 559 1140 suum
577 1102 619 1140 in
637 1101 917 1153 rempublicam
939 1100 1126 1152 studium,
1143 1100 1366 1154 sig-nificat.)

290 1210 444 1249 Eodem
464 1210 643 1262 exemplo
657 1217 730 1249 ate
741 1210 838 1249 mihi
852 1210 973 1249 literae
985 1209 1145 1249 redditae
1163 1217 1267 1259 sunt,
1287 1224 1367 1264 quo

238 1265 351 1318 pueri
368 1265 446 1304 mei
465 1265 689 1303 attulerunt.
727 1265 904 1303 Tantum
927 1277 992 1304 me
1013 1264 1085 1303 tibi
1106 1264 1244 1304 debere
1269 1266 1370 1305 exis-

238 1320 349 1366 timo,
379 1327 571 1371 quantum
597 1319 812 1371 persolvere
836 1319 990 1358 difficile
1018 1325 1087 1357 est.
1121 1319 1266 1372 Scripsi
1282 1320 1368 1367 tibi,

240 1388 329 1426 quae
360 1373 427 1412 hic
457 1382 689 1425 gererentur.
730 1374 781 1412 In
813 1373 949 1412 itinere
980 1380 1035 1412 est
1064 1373 1290 1413 Antonius:
1321 1376 1371 1414 ad

240 1427 438 1480 Lepidum
463 1427 739 1479 proficiscitur;
769 1440 819 1466 ne
843 1427 891 1466 de
911 1427 1056 1466 Planco
1081 1427 1241 1479 quidem
1263 1443 1372 1481 spem
1439 1438 1447 1445 ‘

243 1483 371 1521 adhuc
389 1481 542 1532 abjecit,
562 1490 607 1520 ut
625 1495 674 1520 ex
687 1482 828 1521 libellis
847 1483 930 1532 ejus
949 1481 1218 1530 animadverti,
1237 1483 1307 1536 qui
1330 1484 1372 1523 in

243 1549 310 1576 me
337 1536 581 1583 inciderunt;
611 1536 653 1574 in
683 1536 826 1588 quibus
849 1549 946 1588 quos
971 1535 1021 1574 ad
1046 1536 1249 1584 Asinium,
1278 1551 1375 1590 quos

246 1591 297 1630 ad
316 1590 530 1642 Lepidum,
556 1603 653 1642 quos
671 1590 721 1628 ad
744 1591 936 1629 Plancum
960 1590 1143 1638 mitteret,
1175 1592 1375 1633 scribebat.

247 1645 337 1697 Ego
348 1652 477 1683 tamen
491 1657 569 1683 non
583 1645 703 1683 habui
717 1646 946 1696 ambiguum
963 1658 976 1691 ;
997 1654 1036 1683 et
1049 1645 1179 1684 statim
1193 1645 1243 1684 ad
1257 1646 1378 1687 Plan-

248 1713 340 1738 cum
361 1699 474 1737 misi:
506 1706 544 1738 et
565 1699 685 1738 biduo
706 1701 755 1738 ab
773 1699 1068 1750 Allobrogibus,
1090 1707 1128 1738 et
1147 1700 1263 1739 totius
1283 1701 1379 1742 Gal,

250 1753 328 1801 liae,
356 1754 503 1804 legatos
523 1761 714 1806 exspecto,
744 1766 842 1806 quos
868 1754 1112 1793 confirmaoes
1134 1754 1297 1794 domum
1321 1770 1382 1797 re-

253 1807 423 1847 mittam.

306 1862 389 1910 Tu,
410 1875 498 1913 quae
516 1861 601 1901 istic
618 1875 716 1914 opus
734 1870 847 1901 erunt
864 1862 1138 1911 administrari,
1162 1864 1380 1917 prospicies,

253 1923 300 1955 ut
321 1930 370 1955 ex
398 1917 468 1954 tua
486 1916 684 1955 voluntate
705 1916 837 1969 reique
864 1917 1030 1969 publicae
1052 1919 1254 1958 commodo
1272 1920 1379 1959 fiant.

255 1970 543 2010 Malevolentiae
561 1971 766 2009 hominum
784 1972 826 2009 in
848 1984 927 2021 me,
954 1972 987 2010 si
1010 1972 1165 2024 poteris,
1185 1985 1357 2014 occurres
1370 1990 1382 2014 ε

255 2025 288 2063 si
306 2037 385 2063 non
412 2024 595 2075 potueris,
620 2024 694 2064 hoc
712 2026 968 2075 consolabere,
992 2025 1099 2078 quod
1125 2038 1190 2065 me
1211 2027 1260 2067 de
1284 2036 1386 2068 statu

257 2092 345 2118 meo
364 2078 483 2117 nullis
501 2079 744 2119 contumeliis
755 2079 942 2119 deterrere
955 2088 1128 2132 possunt.
1159 2081 1290 2123 Pridie
1300 2084 1386 2123 No-

261 2145 331 2172 nas
350 2132 466 2181 Maii,
487 2145 538 2172 ex
556 2133 701 2182 eastris,
721 2134 864 2174 finibus
882 2134 1195 2174 Statiellensium.
