1481 2422
288 96 372 137 AD
401 95 700 136 DIVERSOS.
729 95 832 136 Lm.
854 95 956 135 XII.
987 97 1024 134 4.
1136 96 1218 135 363

93 203 162 244 ubi
175 210 266 244 sunt
276 205 396 258 copiae
412 207 430 244 Ρ
459 205 522 244 Ι)6
533 205 695 257 reliquo,
709 205 813 244 malo
831 212 868 244 te
881 204 1010 256 ipsum
1028 204 1136 259 loqui
1155 211 1211 244 te-

94 271 200 309 cum,
215 272 335 312 quam
353 267 484 299 nostra
501 259 603 298 dicta
620 272 854 311 cognoscere.
883 259 996 298 Vale.

245 425 332 473 (4.)
361 424 423 463 Μ.
440 425 491 463 Τ.
509 424 555 464 C.
586 424 632 464 C.
652 424 851 465 CASSIO
881 426 920 465 S.
937 425 985 464 P.
1006 425 1060 464 D.

145 537 471 589 (Argumentum.
484 539 772 578 -Antonium
791 553 878 579 cum
897 538 1046 578 Caesare
1064 551 1142 578 non
1154 538 1215 577 111-

89 591 291 631 terfectum
317 593 434 632 fuisse
453 594 637 645 queritur.
666 593 730 632 De
749 602 895 643 senatu,
918 594 966 632 de
988 594 1147 646 populo,
1168 593 1216 632 de

88 645 224 697 legatis
252 647 302 685 ad.
326 648 562 697 Antonium,
583 648 631 687 de
654 648 860 687 Dolabella
891 656 929 687 et
954 648 1038 701 ipso
1066 647 1212 698 Cassio,

89 700 234 749 scribit,
255 714 343 754 quae
361 702 577 751 sentiebat.)

140 808 298 848 Vellem
316 809 453 849 Idibus
472 810 629 850 Martiis
647 824 711 850 me
735 811 785 850 ad
812 823 959 850 coenam
985 811 1209 850 invitasses:

87 862 340 915 reliquiarum
366 865 464 903 nihil
482 865 627 904 fuisset.
667 867 786 904 Nunc
804 878 868 904 me
892 866 1063 919 reliquiae
1081 873 1215 905 vestrae

86 926 276 979 exercent,
292 925 330 957 et
342 919 513 971 quidem,
526 926 663 971 praeter
675 928 841 970 caeteros,
855 933 943 959 me·
975 933 1215 972 quamquam

87 972 258 1023 egregios
288 974 460 1013 consules
486 974 689 1022 habemus,
721 975 787 1013 5611
816 974 1056 1026 turpissimos
1078 987 1216 1013 consu-

88 1025 210 1064 lares:
242 1035 418 1066 senatum
437 1028 590 1077 fortem,
612 1029 678 1068 sed
703 1029 838 1067 infimo
857 1042 1052 1081 quemque
1070 1029 1215 1067 honore

87 1079 353 1120 fortissimum.
370 1082 540 1150 Populo
558 1096 647 1121 vero
662 1083 760 1121 nihil
778 1083 926 1129 fortius,
948 1083 1046 1121 nihil
1057 1083 1211 1131 melius,

92 1134 288 1187 Italiaque
312 1136 504 1177 universa.
533 1137 647 1176 Nihil
665 1145 795 1176 autem
812 1137 948 1177 foedius
971 1137 1155 1189 Philippo
1174 1144 1213 1175 et

91 1188 247 1239 Pisone,
273 1190 422 1242 legatis,
460 1191 559 1230 nihil
591 1191 839 1243 flagitiosius;
871 1192 939 1244 qui
966 1205 1056 1231 cum
1088 1197 1212 1230 essent

82 1242 205 1304 missi,
225 1251 270 1283 ut
281 1245 453 1284 Antonio
468 1260 516 1285 ex
535 1250 686 1285 senatus
705 1246 893 1285 sententia
907 1253 1025 1285 certas
1036 1259 1095 1284 res
1106 1258 1209 1284 nun-

83 1296 247 1345 tiarent3
277 1312 367 1338 cum
386 1299 452 1339 1116
470 1313 602 1339 earum
621 1313 750 1339 rerum
770 1301 869 1339 nulli
886 1300 1086 1352 paruisset,
1107 1301 1211 1338 ultro

85 1353 136 1390 ab
154 1352 222 1390 illo
240 1353 290 1392 ad
309 1366 378 1392 nos
396 1355 651 1394 intolerabilia
668 1356 861 1417 postulata
875 1355 1099 1393 retulerunt.
1129 1355 1211 1393 Ita-

85 1419 163 1458 que
180 1407 230 1445 ad
256 1420 326 1446 nos
350 1410 611 1449 60116111111111·
641 1409 809 1462 factique
832 1410 915 1460 jam
933 1409 974 1447 in
992 1422 1034 1448 re
1057 1408 1215 1447 salutari

87 1461 293 1512 populares
312 1476 457 1503 sumus.

143 1515 234 1564 Sed,
265 1523 309 1555 tu
335 1518 431 1569 quid
456 1531 599 1570 ageres,
631 1518 725 1569 quid
753 1525 921 1567 acturus,
951 1517 1020 1556 ubi
1045 1517 1212 1570 denique

87 1581 199 1620 esses,
219 1571 449 1611 nesciebam.
478 1573 602 1611 Fama
619 1573 836 1621 nuntiabat,
856 1580 894 1611 te
915 1570 1060 1625 [isse]
1050 1585 1090 1610 m
1106 1571 1213 1624 Syri-

86 1635 176 1662 am:
207 1632 338 1664 auctor
363 1633 443 1665 erat
463 1638 590 1665 nemo.
619 1627 683 1666 De
702 1628 846 1688 Bruto,
862 1639 940 1679 quo
957 1626 1115 1678 propius
1141 1634 1210 1672 est,

86 1689 131 1716 eo
143 1677 314 1718 firmiora
331 1680 510 1719 videntur
528 1694 621 1730 esse,
636 1695 723 1733 quae
737 1681 975 1719 nuntiantur.
1004 1680 1212 1719 Dolabella

85 1732 199 1771 valde
209 1732 498 1795 vituperabatur
517 1737 565 1774 ab
583 1735 805 1774 hominibus
823 1747 900 1774 non
918 1735 1085 1783 insulsis,
1106 1734 1212 1786 quod

85 1785 157 1824 tibi
171 1793 253 1826 tam
268 1788 343 1826 cito
361 1789 587 1838 succederet,
604 1803 694 1829 cum
712 1797 756 1828 tu
775 1789 937 1828 vixdum
956 1789 1113 1851 triginta
1130 1789 1212 1827 dies

86 1839 129 1878 in
143 1839 255 1893 Syria
270 1841 418 1882 fuisses.
448 1842 586 1895 Itaque
605 1846 814 1893 constabat,
835 1857 925 1883 eum
943 1844 1059 1896 recipi
1076 1844 1117 1882 in
1137 1843 1211 1895 Sy-

85 1893 184 1933 riam
208 1908 287 1935 non
305 1904 490 1948 oportere.

91 1982 93 1985 .
141 1949 307 1989 Summa
331 1952 416 1990 laus
435 1959 472 1991 et
496 1959 564 1991 tua
582 1959 620 1991 et
644 1953 760 1992 Bruti
785 1959 854 2001 est,
875 1951 979 2005 quod
998 1951 1211 1990 exercitum

83 2010 222 2055 praeter
255 2017 363 2056 spem
393 2006 667 2046 existimamini
698 2007 949 2059 comparasse.
996 2005 1209 2045 Scriberem

83 2057 213 2109 plura,
233 2058 266 2097 51
282 2071 364 2098 16111
383 2072 616 2121 causamque
633 2063 796 2101 ndssem.
826 2061 867 2100 N
870 2073 946 2100 unc
965 2073 1052 2113 quae
1071 2061 1208 2108 scribo,

81 2111 206 2151 scribo
224 2125 273 2153 ex
292 2113 471 2166 opinione
487 2115 692 2156 hominum
711 2122 827 2168 atque
843 2115 962 2155 fama„
991 2113 1101 2154 Tuas
1118 2114 1205 2154 lite-

80 2177 144 2206 ras
161 2165 274 2207 avide
289 2175 480 2221 exspecto,
509 2169 624 2210 Vale.
