1481 2422
322 104 406 144 AD
427 103 722 145 DIVERSOS.
755 105 855 144 Lm.
880 106 956 146 IX.
977 109 1015 147 8.

1148 111 1198 148 ἓξ

1201 110 1226 148 ω

336 215 425 260 (8.)
456 211 676 254 CICERO
705 213 996 254 VARRONI«

156 318 481 370 (Argumentum.
495 321 792 360 —Promiserat
814 322 853 360 V
855 335 953 370 arro,
987 322 1160 362 Ciceroni
1186 338 1225 364 se

96 371 215 411 libros
251 373 493 412 dicaturum:
539 375 671 413 Cicero
702 389 791 413 eum
822 376 998 427 promissi
1028 377 1222 428 admonet,

97 425 223 465 missis
235 435 400 478 quatuor
421 428 740 467 Academicarum
759 429 1040 477 Quaestionum.
1043 429 1060 481 )

149 534 239 573 Etsi
256 548 401 574 munus
420 536 604 588 flagitare,
630 537 807 588 quamvis
826 537 913 589 quis
934 539 1152 589 ostenderit,
1173 553 1223 580 ne

93 590 261 640 populus
290 590 447 642 quidem
473 591 581 652 solet,
613 591 688 628 nisi
721 592 957 638 concitatu53
989 602 1116 633 tamen
1150 608 1221 645 ego

95 644 374 694 exspectatione
392 645 570 696 promissi
589 645 647 683 tui
665 658 834 693 moveor,
857 654 900 684 ut
919 622 1148 686 admoneam
1168 657 1220 696 te,

95 707 173 734 non
190 704 236 735 ut
254 698 435 749 flag-item.
467 699 564 736 Misi
588 706 718 737 autem
737 699 786 737 ad
805 709 842 737 te
862 708 1026 752 quatuor
1046 703 1221 740 admoni-

94 757 192 789 tores
211 764 288 789 non
307 752 422 790 nimis
451 753 705 791 verecundos.
736 754 837 791 nosti
860 755 962 793 enim
991 756 1159 806 profecto
1178 770 1220 795 os

92 804 396 845 adolescentioris
415 806 649 845 Academiae.
693 807 759 845 Ex
778 821 823 846 ea
836 807 954 859 igitur
972 809 1100 848 media
1119 811 1221 848 exci-

93 865 191 897 tatos
217 860 330 905 misi3
359 860 443 912 qui,
476 868 622 908 metuo,
652 874 701 899 ne
729 868 766 899 te
791 862 888 900 forte
919 863 1118 914 flagitent.
1149 878 1220 915 ego

92 920 223 951 autem
249 915 444 962 mandavi,
471 922 515 952 ut
534 922 724 965 rogarent
755 916 1042 978 Exspectabam
1061 918 1220 957 omnino

88 966 256 1015 jamdiu,
277 982 416 1020 meque
437 969 686 1016 sustinebam,
706 982 755 1007 ne
774 969 823 1007 ad
841 978 878 1007 te
897 971 1005 1021 prius
1023 971 1104 1023 ipse
1123 972 1219 1024 quid

92 1021 309 1070 scriberem,
334 1036 453 1074 quam
486 1023 634 1074 aliquid
666 1024 908 1075 accepissem,
939 1032 983 1063 ut
1010 1039 1161 1076 possem
1180 1034 1219 1064 te

91 1076 327 1114 remunerari
351 1090 469 1128 quam
501 1077 698 1116 simillimo
730 1090 901 1116 munere.
942 1079 1032 1126 Sed,
1059 1093 1150 1118 cum
1173 1087 1217 1118 tu

91 1130 237 1169 tardius
255 1131 411 1179 faceres,
438 1130 479 1168 id
503 1139 560 1169 est
591 1133 654 1183 (ut
682 1144 752 1182 ego
771 1132 1033 1194 interpretor),
1053 1134 1217 1185 diligen-

88 1184 194 1230 tius,
223 1186 343 1224 teneri
361 1198 438 1224 non
468 1185 592 1246 potui,
623 1185 718 1236 quin
738 1187 1046 1236 conjunctionem
1072 1188 1217 1226 studio-

88 1251 178 1280 rum
198 1239 415 1291 amorisque
434 1239 566 1286 nostri,
584 1253 661 1291 quo
680 1253 831 1290 possem
850 1241 1045 1279 literarum
1063 1254 1214 1292 genere,

87 1292 330 1332 declararem.
361 1293 473 1332 Feci
463 1293 580 1344 lgitur
600 1306 814 1332 sermonem
832 1294 931 1332 inter
949 1307 1018 1333 nos
1038 1295 1217 1334 habitum

88 1346 129 1384 in
149 1347 341 1394 Cumano,
369 1362 459 1387 011111
483 1355 578 1386 esset
607 1346 686 1386 una
719 1348 969 1400 Pomponius.
1011 1349 1105 1388 Tibi
1127 1350 1217 1388 dedi

86 1409 213 1452 partes
248 1403 518 1448 Antiochinas,
558 1415 654 1454 quas
681 1416 704 1440 a
733 1409 771 1440 te
800 1403 953 1453 probari
985 1403 1218 1442 intellexisse

87 1455 186 1493 mihi
205 1456 383 1495 videbar:
414 1456 513 1494 mihi
532 1457 652 1494 51111151
671 1456 858 1495 Ρ111101115.
901 1457 1004 1495 Puto
1026 1457 1121 1507 fore,
1154 1466 1214 1504 ut,

87 1522 177 1547 cum
199 1511 349 1561 legeris,
375 1511 528 1556 mirere,
559 1510 599 1548 id
628 1524 698 1549 nos
727 1511 873 1549 locutos
900 1523 978 1549 esse
1004 1511 1103 1550 inter
1130 1525 1214 1558 nos,

88 1564 194 1614 quod
212 1577 414 1618 nunquam
439 1564 559 1603 locuti
578 1577 735 1603 sumus:
764 1565 830 1604 sed
847 1565 948 1603 nosti
966 1577 1114 1604 morem
1133 1566 1218 1605 dia-

86 1617 276 1669 logorum.

158 1673 332 1712 Posthaec
369 1680 513 1721 autem,
543 1674 600 1711 mi
637 1674 777 1721 Varro,
817 1687 936 1725 quam
968 1674 1151 1725 plurima,
1181 1675 1214 1713 si

86 1726 292 1775 videbitur,
313 1734 351 1766 et
369 1728 417 1766 de
439 1728 564 1775 nobis,
584 1728 684 1766 inter
706 1741 803 1775 nos,
792 1741 802 1752 ·
834 1741 915 1766 sero
934 1728 1116 1773 fortasse3
1147 1729 1214 1767 sed

87 1780 326 1832 superiorum
363 1789 581 1843 temporum
618 1782 771 1820 fortuna
808 1782 1028 1833 reipublicae
1058 1795 1214 1821 causam

87 1835 290 1875 sustineat:
321 1836 424 1874 haec’
414 1836 488 1888 ipsi
499 1843 677 1888 praestare
691 1836 889 1875 debemus.
912 1836 1047 1888 Atque
1062 1837 1214 1875 utinam

86 1889 224 1941 quietis
244 1890 497 1941 temporibus,
513 1898 629 1941 atque
647 1891 791 1941 aliquo,
812 1890 844 1928 si
862 1903 940 1928 non
952 1892 1013 1928 bo
1004 1903 1066 1935 10,
1083 1897 1123 1928 at
1137 1891 1214 1929 sal-

86 1951 164 1982 tem
180 1952 280 1983 certo
300 1951 400 1982 statu
416 1944 592 1992 civitatis,
605 1943 688 1983 haec
705 1945 805 1982 inter
818 1957 887 1982 nos
899 1944 1027 1982 studia
1040 1957 1213 1983 exercere

84 1999 310 2060 possemus!
345 1998 599 2050 Quamquam
619 2005 705 2036 tum
725 1998 883 2050 quidem
911 1999 972 2036 vel
998 1999 1086 2036 aliae
1105 2012 1212 2050 quae-

85 2051 191 2103 piam
210 2053 374 2091 rationes
394 2053 571 2091 honestas
589 2052 700 2090 nobis
720 2060 757 2089 et
776 2065 884 2090 curas
904 2059 941 2090 et
960 2061 1125 2090 actiones
1143 2052 1212 2090 da-

84 2113 182 2144 rent.
226 2108 344 2145 Nunc
364 2114 494 2145 autem
515 2106 609 2158 quid
629 2113 697 2151 est,
719 2106 799 2144 sine
817 2106 876 2144 'nis
897 2119 964 2143 cur
978 2105 1104 2144 vivere
1118 2106 1212 2144 veli-

84 2171 173 2198 mus
184 2161 203 2198 ?
222 2161 329 2200 Mihi
343 2174 431 2199 vero
444 2174 532 2199 cum
548 2160 632 2198 1115
620 2160 711 2211 1psis
725 2160 791 2198 vix
805 2174 817 2206 3
847 2160 908 2198 his
921 2167 1051 2198 autem
1064 2159 1210 2198 detrac-

86 2213 149 2262 tis,
169 2227 218 2253 ne
236 2216 302 2253 vix
321 2214 493 2266 quidem.
523 2215 599 2254 Sed
624 2215 706 2253 haec
724 2227 868 2264 coram,
890 2221 927 2252 et
946 2214 1096 2266 saepius.
1128 2214 1211 2252 Mi-

142 2270 316 2320 (Episz‘.)
339 2280 444 2307 VOL.
469 2280 500 2306 Ι,
913 2280 938 2305 z
