1481 2422
287 133 372 173 AD
401 132 703 174 DIVERSOS.
731 133 834 172 1113.
854 132 933 172 XI.
963 133 1028 178 27.
1139 132 1216 170 351

85 249 125 282 ω
142 243 275 295 igitur,
295 243 336 283 in
358 251 398 283 te
422 252 461 283 et
477 244 519 283 in
546 244 693 296 collega
716 255 825 296 spem
852 255 1009 282 omnem
1035 254 1126 281 esse.
1156 240 1221 280 De

87 298 216 337 Bruto
234 305 367 338 autem
386 299 486 338 nihil
504 299 632 338 adhuc
650 299 766 337 certi:
797 311 916 350 quem
935 310 1019 348 ego,
1033 296 1223 349 quemad-

83 352 248 392 modum
265 354 454 407 praecipis,
469 354 630 407 privatis
643 353 763 392 literis
780 353 831 392 ad
847 352 997 391 bellum
1016 363 1223 391 commune

84 419 219 447 vocare
237 421 315 447 non
334 408 491 448 desino:
523 408 593 462 qui
610 408 762 447 utinam
779 409 863 458 jam
888 407 1061 445 adesset!
1094 407 1221 445 Intes-

86 461 215 501 tinum
234 463 354 502 Urbis
372 464 538 511 malum,
558 462 664 516 quod
691 470 748 503 est
766 475 844 501 non
863 461 1069 509 mediocre,
1089 461 1220 499 minus

82 516 318 557 timeremus.
348 519 426 558 Sed
451 518 546 572 quid
572 520 677 569 ago?
719 518 813 556 Non
835 516 966 555 imitor
989 523 1220 562 λακωνισμον

83 578 224 611 tuum:
255 573 377 612 altera
399 575 483 624 jam
508 573 663 626 pagella
688 571 870 625 procedit.
900 570 1040 619 Vince,
1065 577 1102 609 et
1121 569 1218 608 vale.

81 625 188 666 XIV
210 627 294 667 cal.
316 628 526 677 Quintiles.

96 790 211 842 (26.)
250 792 304 831 D.
328 751 577 842 BliUTUS,
610 793 733 833 IMP.
767 792 830 830 M.
855 791 906 830 T.
927 791 973 830 C.
1003 791 1045 830 S.
1070 790 1117 829 P.
1138 788 1193 828 D.

134 911 193 964 (A
199 918 464 963 rgumentum.
480 913 744 953 -Sollicitus
772 914 822 952 ob
841 911 1009 951 Antonii
1027 922 1118 950 cum
1140 908 1218 948 Le-

77 965 170 1018 pido
200 968 528 1018 conjunctionem,
555 967 726 1020 legiones
757 967 1051 1020 quamprimum
1080 964 1154 1004 sibi
1179 972 1216 1003 et

77 1020 315 1074 stipendium
334 1023 438 1062 mitti
456 1022 658 1076 postulat.)

131 1171 180 1211 In
199 1173 374 1213 maximo
392 1187 480 1214 meo
498 1174 643 1221 dolore,
663 1174 736 1214 hoc
756 1174 889 1214 solatio
908 1181 1010 1221 utor,
1031 1171 1137 1225 quod
1154 1172 1215 1210 in-

76 1227 258 1280 telligunt
275 1228 466 1277 homines,
493 1242 572 1268 non
600 1230 682 1268 sine
707 1228 821 1269 caus&
850 1242 913 1267 me
932 1229 1108 1267 timuisse
1126 1228 1214 1274 ista,

76 1295 165 1334 quae
183 1283 416 1323 acciderunt.
447 1283 688 1333 Deliberent‚
717 1292 851 1323 utrum
878 1283 1072 1334 trajiciant
1096 1281 1217 1334 legio-

73 1350 142 1376 nes
173 1350 221 1376 ex
240 1338 394 1388 Africis,
421 1337 599 1391 [necne,]
622 1347 659 1377 et
685 1352 733 1377 ex
753 1339 945 1385 Sardinia,
973 1345 1011 1376 et
1041 1338 1214 1376 Brutum

72 1399 276 1441 arcessant,
292 1405 436 1432 necne:
452 1399 490 1432 et
507 1394 606 1432 mihi
625 1394 862 1446 stipendium
875 1393 981 1440 dent,
995 1391 1135 1442 anssnon
1149 1392 1216 1429 de-

75 1454 246 1486 cernant.
273 1448 343 1486 Ad
362 1455 540 1487 senatum
566 1448 696 1487 literas
715 1448 815 1487 misi.
856 1447 982 1488 Crede
1006 1447 1119 1494 mihi,
1140 1446 1214 1485 nisi

74 1502 148 1541 ista
165 1502 298 1541 omnia
316 1502 370 1542 ita
388 1503 498 1553 fiant,
519 1503 852 1556 quemadmodum
874 1503 1010 1549 scribo,
1023 1514 1214 1554 magnum

75 1569 146 1595 nos
164 1570 298 1596 omnes
318 1558 490 1597 adituros
508 1559 739 1611 periculum.
770 1559 883 1610 Rogo
902 1565 954 1605 te,
975 1557 1113 1603 videte,
1128 1556 1215 1608 qui-

76 1613 151 1650 bus
181 1612 405 1652 hominibus
435 1614 637 1665 negotium
663 1613 775 1661 detis,
796 1613 865 1665 qui
890 1613 939 1650 ad
964 1625 1030 1650 me
1046 1611 1215 1662 legiones

74 1666 280 1705 adducant.
312 1667 368 1706 Et
391 1667 467 1706 fide
493 1682 592 1720 opus
616 1675 686 1713 est„
712 1677 750 1706 et
772 1667 976 1706 celeritate.
1013 1666 1083 1705 III
1106 1667 1211 1705 Non.

73 1721 102 1759 J
105 1733 173 1759 un.
194 1734 241 1759 ex
261 1722 404 1760 castris.

260 1888 377 1941 (27.)
409 1890 471 1928 M.
505 1889 727 1930 CICERO
758 1888 957 1928 MA'rro
988 1889 1028 1928 s.

129 1997 461 2046 (Argumentum.
475 2019 528 2029 --
542 1999 716 2047 Questus
744 2004 825 2036 erat
851 1996 1018 2044 Matius,
1044 1993 1215 2034 accusari

73 2063 113 2090 se
140 2064 165 2090 a
193 2051 392 2098 Cicerone,
420 2061 506 2092 tum
533 2053 638 2105 quod
656 2052 697 2091 in
728 2053 813 2104 lege
843 2051 1014 2104 quadam
1049 2048 1213 2089 Caesaris

73 2105 303 2158 suffragium
327 2107 490 2156 tulisset,
520 2114 605 2147 tum
631 2107 748 2146 etiam
772 2106 878 2159 quod
907 2105 1035 2153 ludos,
1067 2102 1213 2144 Caesari

73 2168 228 2200 mortuo
249 2163 299 2201 ab
331 2162 546 2202 Octaviano
571 2163 695 2209 datos,
722 2161 902 2201 curasset.
933 2159 1070 2200 Cicero
1094 2172 1134 2198 se
1160 2158 1214 2196 ita

72 2223 228 2309 ρυιὲιαῐ,
259 2224 305 2255 ut
337 2217 503 2257 alterum
529 2218 662 2269 negari
694 2231 717 2256 a
740 2230 780 2256 se
805 2216 920 2265 dicat,
948 2215 1114 2255 alterum
1147 2212 1214 2252 de·

71 2269 136 2308 fen
166 2270 208 2318 ⁶.)
