1501 2407
223 142 276 179 42
422 141 506 181 AD
534 140 831 183 DIVERSOS.
865 139 968 180 1¹13.
996 140 1053 181 11.
1087 142 1148 181 10.

223 256 320 288 esset
336 256 444 288 tanta
460 263 533 302 res,
549 258 665 289 tantae
679 250 968 302 gratulationis;
994 249 1043 288 de
1061 257 1112 298 te,
1132 248 1224 300 quia
1235 249 1339 300 quod

224 305 452 355 sperabam3
482 305 530 344 de
557 305 681 352 Hillo,
703 305 863 348 (balbus
885 304 989 343 enim
1012 311 1118 351 sum)
1137 303 1241 355 quod
1261 316 1340 342 non

224 358 417 408 putaram.
445 359 572 411 Atqui
602 359 654 397 sic
684 359 836 406 habeto,
866 358 1016 396 nullam
1047 370 1111 396 me
1142 357 1341 409 epistolam

225 413 413 464 accepisse
441 420 551 451 tuam
578 420 665 464 post
683 412 836 451 comitia
856 412 928 451 ista
952 412 1146 464 praeclara,
1167 424 1254 463 quae
1278 424 1343 450 me

226 466 361 505 laetitia
379 468 620 505 extulerunt:
652 480 699 505 ex
721 479 799 518 quo
822 479 965 515 vereor,
995 478 1044 504 ne
1067 466 1170 504 idem
1195 465 1363 504 eveniat'

226 519 267 558 in
299 533 404 560 meas
432 522 571 560 literas.
604 521 800 573 Equidem
832 533 1035 572 nunquam
1061 519 1223 558 domum
1254 519 1344 557 misi

230 587 350 614 unam
370 575 582 626 epistolam,
604 576 698 627 quin
724 582 818 613 esset
843 574 893 612 ad
917 582 954 612 te
979 575 1123 612 altera:
1153 586 1224 611 nec
1246 573 1346 611 mihi

231 636 288 669 ost
312 636 350 667 te
374 630 583 679 jucundius
612 629 840 681 quidquam,
871 640 941 666 nec
972 628 1107 667 carius.
1137 627 1214 666 Sed
1241 626 1348 665 balbi

231 695 310 722 non
329 697 462 722 sumus
479 699 490 722 :
519 683 569 722 ad
587 696 668 721 rem
686 682 899 720 redeamus.

287 738 346 776 Ut
363 738 516 789 optasti,
537 738 591 775 ita
609 744 675 775 est.
703 736 834 774 velles
853 735 956 774 enim
975 736 1079 783 (ais),
1099 742 1251 773 tantum
1265 747 1350 772 mo-

234 792 285 831 do
305 799 348 830 ut
364 792 545 830 haberem
563 790 719 841 negotii,
733 790 837 841 quod
855 797 950 828 esset
961 789 1010 828 ad
1020 789 1230 827 laureolam
1249 788 1350 826 satis.

236 846 401 885 Parthos
429 846 555 893 fimes,
579 844 671 896 quia
693 844 834 882 diffidis
852 843 969 894 copiis
988 843 1136 882 nostris.
1167 842 1275 893 Ergo
1300 842 1355 880 ita

237 900 385 939 accidit.
414 901 536 947 Nam,
558 898 737 936 Parthico
755 897 856 936 bello
873 897 1063 944 nuntiato,
1078 897 1250 936 locorum
1269 895 1358 948 qui-

237 953 403 994 busdam
421 952 605 1005 angustiis
621 960 658 990 et
668 951 807 990 natura
819 951 1013 989 montium
1023 950 1157 992 fretus..
1173 949 1222 988 ad
1232 949 1359 988 Ama-

238 1021 335 1046 num
355 1008 564 1046 exercitum
583 1006 742 1055 adduxi,
756 1005 844 1043 satis
858 1007 976 1057 probe
992 1012 1170 1043 ornatum
1189 1004 1358 1052 auxiliis,

240 1069 278 1101 et
295 1062 465 1114 quadam
483 1060 718 1108 auctoritate,
739 1059 843 1111 apud
861 1072 924 1097 eos
941 1058 1011 1110 qui
1026 1071 1091 1097 me
1108 1071 1187 1097 non
1203 1059 1360 1106 norant,

240 1115 408 1155 nominis
421 1115 551 1154 nostri.
576 1115 755 1153 Multum
768 1120 823 1152 oet
835 1113 938 1152 enim
951 1113 992 1150 in
1002 1112 1062 1151 his
1072 1112 1164 1151 locis
1177 1126 1189 1150 τ
1221 1113 1250 1134 “
1266 1111 1364 1150 Hic-

241 1171 326 1209 cine
345 1178 401 1209 est
410 1170 490 1218 ine,
504 1169 573 1220 qui
590 1170 726 1206 urbem
737 1167 809 1207 ...ἲ
839 1180 955 1219 quem
967 1174 1120 1205 senatus
1190 1165 1237 1204 ?”
1257 1165 1299 1204 N
1302 1167 1365 1204 os-

244 1225 275 1264 ti
307 1232 452 1264 cae‘oera.
495 1223 598 1262 Cum
625 1222 811 1260 venissem
837 1222 887 1259 ad
908 1221 1127 1268 Amanum,
1158 1219 1227 1272 qui
1250 1231 1364 1258 mons

245 1279 344 1317 mihi
370 1291 459 1316 cum
488 1276 633 1316 Bibulo
663 1275 879 1314 eommunis
904 1282 973 1322 est,
1005 1274 1149 1313 divisus
1170 1286 1361 1325 aquarum

245 1331 431 1379 divortiis,
448 1331 601 1370 Cassius
619 1336 758 1376 noster,
772 1329 876 1380 quod
889 1329 986 1367 mihi
1003 1327 1156 1379 magnae
1173 1327 1362 1378 voluptati

246 1387 337 1435 fuit,
356 1385 513 1424 feliciter
537 1385 585 1422 ab
604 1383 820 1422 Antiochea
848 1383 997 1421 hostem
1022 1383 1210 1432 rejecerat.
1239 1381 1366 1420 Bibu-

247 1443 310 1480 lus
328 1439 562 1491 provinciam
590 1444 795 1489 acceperat.
827 1437 992 1485 Interea,
1017 1448 1106 1474 cum
1131 1435 1227 1474 meis
1245 1434 1365 1487 copiis

247 1494 441 1541 omnibuS,
471 1491 606 1531 vexavi
637 1491 907 1538 Amaniensae,
943 1491 1070 1529 hostes
1101 1489 1363 1541 sempiternos.

248 1548 374 1589 Multi
391 1546 515 1594 occisi,
528 1544 653 1596 capti:
683 1544 821 1596 reliqui
839 1544 1035 1596 dissipati:
1066 1544 1220 1583 castella
1236 1542 1366 1582 muni-

249 1612 291 1643 ta
307 1601 515 1654 improviso
533 1599 698 1637 adventu
717 1606 827 1650 capta
845 1606 883 1637 et
899 1598 1066 1638 incensa.

306 1657 371 1694 Ita
388 1654 545 1693 victoria
555 1653 661 1703 just&⁴
674 1653 880 1703 imperator
890 1651 1106 1703 appellatus
1121 1651 1225 1703 apud
1238 1650 1370 1689 Issum

254 1715 349 1763 (quo
373 1710 416 1747 in
439 1708 536 1755 loco,
564 1719 676 1758 saepe,
703 1714 749 1744 ut
772 1719 820 1744 ex
840 1713 878 1744 te
897 1705 1040 1753 audivi,
1067 1704 1282 1743 Clitarchus
1300 1703 1372 1743 tibi

252 1763 434 1810 narravit,
454 1761 620 1800 Darium
639 1762 688 1798 ab
706 1759 932 1798 Alexandro
950 1772 1028 1797 esse
1047 1764 1286 1810 superatum)
1305 1757 1375 1796 ad-

253 1818 351 1858 duxi
387 1815 595 1855 exercitum
631 1814 681 1852 ad
709 1813 994 1852 infestissimam
1030 1812 1175 1851 Cffieiae
1210 1819 1372 1864 partem.

255 1873 332 1920 Ibi,
346 1871 527 1923 quintum
541 1868 766 1907 vicesimum
778 1869 861 1917 jam
876 1867 993 1916 diem,
1007 1866 1224 1917 aggeribus,
1236 1865 1373 1914 vineis,

255 1927 440 1973 turribus,
460 1923 733 1975 oppugnabam
745 1921 931 1973 oppidum
945 1919 1265 1969 munitissimum,
1278 1918 1375 1957 Pin-

256 1980 466 2025 denissum,
497 1977 611 2015 tantis
633 1976 785 2028 opibus,
816 1983 999 2026 tantoque
1019 1974 1186 2025 negotio,
1212 1981 1258 2011 ut
1278 1972 1377 2011 mihi

257 2035 308 2074 ad
326 2044 520 2072 summam
538 2030 702 2082 gloriam
718 2029 815 2068 nihil
833 2028 943 2076 desit,
962 2028 1037 2066 nisi
1055 2040 1196 2066 nomen
1215 2025 1373 2079 oppidi;

261 2087 364 2141 quod
383 2087 429 2134 si,
455 2092 500 2124 ut
524 2097 648 2136 spero,
666 2095 823 2135 oepero;
853 2089 939 2121 tum
958 2095 1047 2121 vero
1067 2082 1196 2120 literas
1225 2079 1378 2133 publice

259 2143 425 2182 mittam.

255 2216 258 2217 ν
316 2195 414 2233 Haec
430 2192 480 2231 ad
493 2199 532 2231 te
548 2192 590 2230 in
609 2191 786 2243 prasenti
799 2190 943 2243 scripsi,
956 2197 1001 2229 ut
1018 2202 1158 2242 speres,
1174 2196 1211 2228 te
1229 2187 1380 2239 assequi

261 2250 302 2293 id
320 2247 423 2305 quod
456 2245 635 2298 optasses.
683 2245 774 2295 Sed,
795 2252 840 2284 ut
856 2244 1010 2285 redeam
1035 2243 1085 2283 ad
1103 2242 1281 2291 Partho&
1299 2241 1382 2282 haec
