1501 2407
230 85 306 123 168
414 83 497 122 AD
526 81 822 122 DIVERSOS.
851 79 951 119 LIB.
980 79 1055 119 VI.
1088 80 1148 118 11.

229 191 398 246 quotidie
415 192 526 240 mihi,
545 199 590 229 ut
609 203 728 242 spero,
744 189 810 227 fiet
826 188 1042 240 proclivius,
1061 194 1106 226 ut
1124 186 1238 226 etiam
1254 187 1342 239 pol-

228 247 332 285 liceri
350 245 503 297 possim.
544 245 592 282 Id
610 258 663 293 re,
692 256 809 296 quam
828 243 965 289 verbis,
985 241 1122 280 faciam
1146 241 1340 280 libentius.

232 301 298 339 Tu
311 300 426 339 velim
445 300 650 345 existimes,
665 306 701 336 et
712 298 839 348 plures
852 304 888 334 te
902 296 1042 334 amicos
1055 295 1206 341 habere,
1219 307 1339 346 quam

233 355 301 406 qui
318 355 357 391 in
376 354 448 392 isto
467 366 555 391 casu
575 353 649 391 sint
667 365 710 390 ac
728 351 884 398 fuerint,
900 357 1088 401 quantum
1103 348 1256 400 quidem
1271 360 1341 399 ego

232 409 440 459 intelligere
458 407 645 459 potuerim
660 420 671 451 ;
693 413 729 443 et
748 418 810 443 me
828 404 1027 442 concedere
1041 415 1172 441 eorum
1186 401 1342 439 nemini.

234 463 390 500 Fortem
408 461 467 499 fac
485 461 658 498 animum
677 460 816 497 habeas
834 465 871 496 et
883 470 1069 508 magnum
1084 470 1095 502 ;
1117 455 1221 508 quod
1234 462 1290 494 est
1302 455 1344 492 in

235 529 313 554 uno
331 523 379 553 te.
421 515 521 563 Quae
539 522 629 552 sunt
655 515 696 550 in
714 512 881 560 fortuna,
902 511 1136 562 temporibus
1152 516 1343 562 regentur,

236 577 273 608 et
292 569 454 608 consiliis
472 568 608 607 nostris
626 566 937 620 providebuntur.
967 565 1079 606 Vale.

429 740 543 795 (11.)
574 741 635 779 M.
653 740 698 779 C.
728 740 1034 780 TREBIANO
1064 741 1103 780 S.
1116 740 1170 779 D.

314 850 639 902 (Argumentum.
661 871 714 878 -—
741 849 967 888 Gratulatur
1010 849 1058 887 de
1101 848 1350 896 restitutione,

241 917 359 955 quam
378 904 590 942 Dolabellae
608 903 788 941 beneficio
810 903 883 954 ipsi
907 903 1196 954 impetraverat:
1226 903 1353 941 horta-

242 966 396 1009 turque,
427 965 472 995 ut
490 970 600 1008 aequo
619 957 748 995 animo
775 958 962 1006 jacturam
981 957 1219 995 fortunarum
1245 957 1354 1005 ferat,

240 1012 332 1063 quia
349 1013 436 1063 plus
455 1011 708 1063 acquisiverit,
728 1024 847 1062 quam
868 1009 1079 1061 amiserat.)

295 1160 540 1199 Dolabellam
570 1167 681 1198 antea
709 1159 976 1199 tantummodo
1001 1160 1231 1212 diligebam:
1260 1161 1359 1200 obli-

243 1223 355 1266 gatus
375 1216 410 1253 ei
427 1215 525 1252 nihil
544 1227 672 1252 eram:
704 1226 773 1252 nec
802 1215 905 1252 enim
934 1214 1119 1253 acciderat
1143 1215 1239 1253 mihi
1261 1228 1358 1267 opus

242 1282 347 1314 esse;
379 1276 415 1307 et
433 1269 498 1306 ille
517 1268 612 1305 mihi
630 1267 804 1315 debebat,
834 1268 937 1319 quod
961 1281 1038 1306 non
1060 1268 1254 1307 defueram
1273 1271 1357 1319 ejus

242 1322 431 1374 periculis.
473 1323 590 1360 Nunc
608 1329 713 1359 tanto
742 1335 828 1359 sum
847 1322 1041 1360 devinctus
1059 1323 1141 1372 ejus
1158 1323 1355 1372 beneficio,

245 1376 350 1428 quod
369 1384 405 1414 et
424 1383 534 1413 antea
551 1375 592 1413 in
621 1389 675 1422 re,
708 1383 745 1413 et
773 1376 844 1414 hoc
862 1383 1031 1427 tempore
1057 1376 1099 1414 in
1120 1377 1257 1424 salute,
1287 1377 1358 1416 tu‘a

244 1429 544 1468 cumulatissime
573 1429 671 1466 mihi
703 1429 892 1477 satisfecit,
923 1438 966 1468 ut
997 1430 1142 1468 nemini
1171 1431 1260 1482 plus
1291 1431 1358 1469 de-

243 1485 369 1522 beam.
413 1483 505 1530 Qua
523 1483 564 1520 in
582 1496 621 1521 re
639 1482 709 1520 tibi
728 1484 896 1534 gratulor
917 1483 971 1522 ita
987 1484 1239 1528 vehementer,
1260 1491 1304 1522 ut
1321 1491 1359 1523 te

246 1550 400 1589 quoque
418 1537 515 1574 mihi
533 1537 729 1587 gratulari,
757 1550 875 1588 quam
893 1537 1032 1588 gratias
1051 1550 1174 1588 agere,
1193 1539 1328 1576 malim
1345 1552 1357 1576 :

245 1592 410 1629 alterum
440 1591 596 1629 omnino
629 1603 707 1628 non
736 1590 919 1640 desidero,
947 1592 1108 1629 alterum
1133 1604 1218 1630 vere
1238 1592 1361 1631 facere

249 1645 401 1696 poteris.

273 1742 277 1745 ¹
301 1698 419 1746 Quod
438 1697 630 1749 reliquum
649 1705 718 1747 est,
746 1698 899 1750 quando
917 1699 987 1738 tibi
1005 1698 1124 1738 virtus
1142 1707 1179 1738 et
1197 1699 1362 1751 dignitas

250 1759 317 1790 tua
335 1752 500 1790 reditum
519 1751 568 1789 ad
587 1759 672 1789 tuos
691 1753 852 1803 aperuit,
873 1760 929 1790 est
951 1760 1027 1791 tuae
1045 1753 1237 1804 sapientiae
1253 1767 1363 1805 mag-

250 1805 513 1856 nitudinisque
542 1804 675 1852 animi,
709 1806 804 1857 quid
831 1807 1013 1855 amiseris,
1044 1807 1240 1853 oblivisci3
1270 1807 1365 1859 quid

251 1859 498 1910 recuperaris,
525 1859 699 1909 cogitare.
742 1860 860 1898 Vives
878 1873 966 1898 cum
992 1860 1091 1908 tuis3
1119 1861 1222 1899 vives
1239 1861 1366 1900 nobis-

253 1925 354 1961 cum.
384 1913 478 1950 Plus
490 1912 684 1963 acquisisti
702 1913 910 1964 dignitatis,
926 1927 1044 1966 quam
1062 1914 1223 1952 amisisti
1238 1914 1293 1953 rei
1309 1915 1368 1953 fa-

255 1966 440 2012 miliaris3
470 1979 557 2017 quae
586 1966 669 2016 ipsa
695 1975 781 2005 tum
799 1975 894 2006 esset
915 1968 1134 2017 jucundior,
1163 1969 1195 2006 si
1212 1969 1293 2016 ulla
1310 1982 1368 2007 res

257 2028 354 2058 esset
382 2020 547 2071 publica.
594 2021 806 2070 Vestorius,
836 2028 962 2060 noster
989 2021 1199 2070 familiaris,
1230 2022 1279 2060 ad
1306 2035 1370 2061 me

259 2073 420 2125 scripsit,
441 2080 478 2111 te
496 2073 593 2111 mihi
611 2075 800 2113 maximas
827 2075 967 2127 gratias
991 2088 1112 2126 agere.
1153 2075 1249 2114 Haec
1275 2089 1373 2127 prae-

259 2126 397 2165 dicatio
416 2135 483 2165 tua
500 2127 597 2165 mihi
615 2128 724 2167 valde
749 2137 857 2180 grata
881 2136 938 2167 est
953 2143 965 2174 ς
995 2130 1116 2180 eaque
1133 2136 1171 2167 te
1188 2129 1247 2167 uti
1264 2129 1374 2168 facile

260 2180 396 2234 patior,
417 2194 507 2220 cum
525 2182 628 2233 apud
655 2182 762 2231 alios,
784 2190 868 2221 tum
901 2181 1155 2233 (mehercule)
1183 2183 1287 2235 apud
1304 2184 1376 2235 Sy-
