<?xml version="1.0" encoding="UTF-8"?>
<!DOCTYPE html PUBLIC "-//W3C//DTD XHTML 1.0 Transitional//EN"
    "http://www.w3.org/TR/xhtml1/DTD/xhtml1-transitional.dtd">
<html xmlns="http://www.w3.org/1999/xhtml" xml:lang="en" lang="en">
 <head>
  <title>
</title>
<meta http-equiv="Content-Type" content="text/html;charset=utf-8" />
  <meta name='ocr-system' content='tesseract 3.04.00' />
  <meta name='ocr-capabilities' content='ocr_page ocr_carea ocr_par ocr_line ocrx_word'/>
</head>
<body>
  <div class='ocr_page' id='page_1' title='image "./operaern09ciceuoft_0337.png"; bbox 0 0 1481 2422; ppageno 0'>
   <div class='ocr_carea' id='block_1_1' title="bbox 346 76 1267 122">
    <p class='ocr_par' dir='ltr' id='par_1_1' title="bbox 346 76 1267 122">
     <span class='ocr_line' id='line_1_1' title="bbox 346 76 1267 122; baseline 0.008 -8"><span class='ocrx_word' id='word_1_1' title='bbox 346 76 431 115; x_wconf 88' lang='lat' dir='ltr'><strong>AD</strong></span> <span class='ocrx_word' id='word_1_2' title='bbox 460 77 759 120; x_wconf 85' lang='lat' dir='ltr'><strong>DIVERSOS.</strong></span> <span class='ocrx_word' id='word_1_3' title='bbox 789 79 887 120; x_wconf 76' lang='lat' dir='ltr'><strong>Lm.</strong></span> <span class='ocrx_word' id='word_1_4' title='bbox 908 79 961 119; x_wconf 89' lang='lat' dir='ltr'><strong>X.</strong></span> <span class='ocrx_word' id='word_1_5' title='bbox 991 81 1057 119; x_wconf 82' lang='lat'><strong>33.</strong></span> <span class='ocrx_word' id='word_1_6' title='bbox 1186 80 1267 122; x_wconf 83' lang='lat'><strong>323</strong></span> 
     </span>
    </p>
   </div>
   <div class='ocr_carea' id='block_1_2' title="bbox 112 184 1338 2262">
    <p class='ocr_par' dir='ltr' id='par_1_2' title="bbox 140 184 1267 294">
     <span class='ocr_line' id='line_1_2' title="bbox 141 184 1267 244; baseline 0.008 -22"><span class='ocrx_word' id='word_1_7' title='bbox 141 184 260 222; x_wconf 88' lang='lat' dir='ltr'><strong>robur</strong></span> <span class='ocrx_word' id='word_1_8' title='bbox 287 193 325 225; x_wconf 85' lang='lat' dir='ltr'><strong>et</strong></span> <span class='ocrx_word' id='word_1_9' title='bbox 353 187 500 226; x_wconf 72' lang='lat' dir='ltr'><strong>soboles</strong></span> <span class='ocrx_word' id='word_1_10' title='bbox 531 187 702 227; x_wconf 88' lang='lat' dir='ltr'><strong>militum</strong></span> <span class='ocrx_word' id='word_1_11' title='bbox 727 189 885 238; x_wconf 87' lang='lat' dir='ltr'><strong>interiit,</strong></span> <span class='ocrx_word' id='word_1_12' title='bbox 915 189 947 228; x_wconf 87' lang='lat' dir='ltr'><strong>si</strong></span> <span class='ocrx_word' id='word_1_13' title='bbox 974 189 1148 243; x_wconf 88' lang='lat' dir='ltr'><strong>quidem,</strong></span> <span class='ocrx_word' id='word_1_14' title='bbox 1178 204 1267 244; x_wconf 88' lang='lat' dir='ltr'><strong>quae</strong></span> 
     </span>
     <span class='ocr_line' id='line_1_3' title="bbox 140 238 907 294; baseline 0.01 -19"><span class='ocrx_word' id='word_1_15' title='bbox 140 238 383 290; x_wconf 82' lang='lat' dir='ltr'><strong>nuntiantur,</strong></span> <span class='ocrx_word' id='word_1_16' title='bbox 404 242 486 280; x_wconf 60' lang='lat' dir='ltr'><strong>ulla⁴</strong></span> <span class='ocrx_word' id='word_1_17' title='bbox 503 255 552 281; x_wconf 82' lang='lat' dir='ltr'><strong>ex</strong></span> <span class='ocrx_word' id='word_1_18' title='bbox 569 251 679 294; x_wconf 86' lang='lat' dir='ltr'><strong>parte</strong></span> <span class='ocrx_word' id='word_1_19' title='bbox 696 257 786 282; x_wconf 87' lang='lat' dir='ltr'><strong>vera</strong></span> <span class='ocrx_word' id='word_1_20' title='bbox 804 251 907 282; x_wconf 89' lang='lat' dir='ltr'><strong>sunt.</strong></span> 
     </span>
    </p>

    <p class='ocr_par' dir='ltr' id='par_1_3' title="bbox 112 293 1277 951">
     <span class='ocr_line' id='line_1_4' title="bbox 195 293 1272 351; baseline 0.006 -19"><span class='ocrx_word' id='word_1_21' title='bbox 195 293 338 347; x_wconf 88' lang='lat' dir='ltr'>Neque</span> <span class='ocrx_word' id='word_1_22' title='bbox 356 309 427 348; x_wconf 86' lang='lat' dir='ltr'><strong>ego</strong></span> <span class='ocrx_word' id='word_1_23' title='bbox 445 309 523 335; x_wconf 92' lang='lat' dir='ltr'><strong>non</strong></span> <span class='ocrx_word' id='word_1_24' title='bbox 542 297 735 345; x_wconf 85' lang='lat' dir='ltr'><strong>videbam,</strong></span> <span class='ocrx_word' id='word_1_25' title='bbox 766 306 912 350; x_wconf 84' lang='lat' dir='ltr'><strong>quanto</strong></span> <span class='ocrx_word' id='word_1_26' title='bbox 936 299 1026 337; x_wconf 90' lang='lat' dir='ltr'><strong>usui</strong></span> <span class='ocrx_word' id='word_1_27' title='bbox 1050 299 1272 351; x_wconf 86' lang='lat' dir='ltr'><strong>reipublicae</strong></span> 
     </span>
     <span class='ocr_line' id='line_1_5' title="bbox 140 350 1272 404; baseline 0.006 -18"><span class='ocrx_word' id='word_1_28' title='bbox 140 360 263 387; x_wconf 80' lang='lat' dir='ltr'><strong>essem</strong></span> <span class='ocrx_word' id='word_1_29' title='bbox 291 350 460 399; x_wconf 84' lang='lat' dir='ltr'><strong>futurus,</strong></span> <span class='ocrx_word' id='word_1_30' title='bbox 493 351 525 390; x_wconf 88' lang='lat' dir='ltr'><strong>si</strong></span> <span class='ocrx_word' id='word_1_31' title='bbox 555 351 606 390; x_wconf 89' lang='lat' dir='ltr'><strong>ad</strong></span> <span class='ocrx_word' id='word_1_32' title='bbox 637 352 834 404; x_wconf 87' lang='lat' dir='ltr'><strong>Lepidum</strong></span> <span class='ocrx_word' id='word_1_33' title='bbox 864 354 1066 392; x_wconf 83' lang='lat' dir='ltr'><strong>venissem.</strong></span> <span class='ocrx_word' id='word_1_34' title='bbox 1097 354 1272 394; x_wconf 87' lang='lat' dir='ltr'><strong>Omnem</strong></span> 
     </span>
     <span class='ocr_line' id='line_1_6' title="bbox 143 402 1273 460; baseline 0.007 -20"><span class='ocrx_word' id='word_1_35' title='bbox 143 402 248 441; x_wconf 89' lang='lat' dir='ltr'><strong>enim</strong></span> <span class='ocrx_word' id='word_1_36' title='bbox 266 406 551 445; x_wconf 86' lang='lat' dir='ltr'><strong>cunctationem</strong></span> <span class='ocrx_word' id='word_1_37' title='bbox 576 407 659 456; x_wconf 86' lang='lat' dir='ltr'><strong>ejus</strong></span> <span class='ocrx_word' id='word_1_38' title='bbox 678 407 952 457; x_wconf 82' lang='lat' dir='ltr'><strong>discussissem,</strong></span> <span class='ocrx_word' id='word_1_39' title='bbox 972 409 1183 460; x_wconf 85' lang='lat' dir='ltr'><strong>praesertim</strong></span> <span class='ocrx_word' id='word_1_40' title='bbox 1202 409 1273 447; x_wconf 89' lang='lat' dir='ltr'><strong>ad·</strong></span> 
     </span>
     <span class='ocr_line' id='line_1_7' title="bbox 138 456 1270 512; baseline 0.006 -17"><span class='ocrx_word' id='word_1_41' title='bbox 138 456 267 506; x_wconf 85' lang='lat' dir='ltr'><strong>jutore</strong></span> <span class='ocrx_word' id='word_1_42' title='bbox 286 460 444 499; x_wconf 85' lang='lat' dir='ltr'><strong>Planco.</strong></span> <span class='ocrx_word' id='word_1_43' title='bbox 474 460 550 500; x_wconf 90' lang='lat' dir='ltr'><strong>Sed</strong></span> <span class='ocrx_word' id='word_1_44' title='bbox 569 461 748 500; x_wconf 82' lang='lat' dir='ltr'><strong>scribenti</strong></span> <span class='ocrx_word' id='word_1_45' title='bbox 766 462 816 500; x_wconf 86' lang='lat' dir='ltr'><strong>ad</strong></span> <span class='ocrx_word' id='word_1_46' title='bbox 834 475 898 501; x_wconf 91' lang='lat' dir='ltr'><strong>me</strong></span> <span class='ocrx_word' id='word_1_47' title='bbox 916 463 1106 512; x_wconf 89' lang='lat' dir='ltr'><strong>ejusmodi</strong></span> <span class='ocrx_word' id='word_1_48' title='bbox 1126 464 1270 512; x_wconf 78' lang='lat' dir='ltr'><strong>literas,</strong></span> 
     </span>
     <span class='ocr_line' id='line_1_8' title="bbox 112 514 1274 569; baseline 0.005 -18"><span class='ocrx_word' id='word_1_49' title='bbox 112 535 117 539; x_wconf 90' lang='lat'><strong>·</strong></span> <span class='ocrx_word' id='word_1_50' title='bbox 140 524 239 563; x_wconf 85' lang='lat' dir='ltr'><strong>quas</strong></span> <span class='ocrx_word' id='word_1_51' title='bbox 256 514 360 566; x_wconf 87' lang='lat' dir='ltr'><strong>leges</strong></span> <span class='ocrx_word' id='word_1_52' title='bbox 381 515 641 559; x_wconf 84' lang='lat' dir='ltr'><strong>(concionibus</strong></span> <span class='ocrx_word' id='word_1_53' title='bbox 660 516 848 565; x_wconf 88' lang='lat' dir='ltr'><strong>videlicet,</strong></span> <span class='ocrx_word' id='word_1_54' title='bbox 878 530 974 569; x_wconf 88' lang='lat' dir='ltr'><strong>quas</strong></span> <span class='ocrx_word' id='word_1_55' title='bbox 994 518 1179 556; x_wconf 84' lang='lat' dir='ltr'><strong>Narbone</strong></span> <span class='ocrx_word' id='word_1_56' title='bbox 1203 518 1274 557; x_wconf 90' lang='lat' dir='ltr'><strong>ha-</strong></span> 
     </span>
     <span class='ocr_line' id='line_1_9' title="bbox 141 566 1277 624; baseline 0.005 -20"><span class='ocrx_word' id='word_1_57' title='bbox 141 566 271 607; x_wconf 90' lang='lat' dir='ltr'><strong>buisse</strong></span> <span class='ocrx_word' id='word_1_58' title='bbox 290 569 442 618; x_wconf 82' lang='lat' dir='ltr'><strong>dicitur,</strong></span> <span class='ocrx_word' id='word_1_59' title='bbox 460 571 634 619; x_wconf 85' lang='lat' dir='ltr'><strong>similes),</strong></span> <span class='ocrx_word' id='word_1_60' title='bbox 649 571 827 622; x_wconf 87' lang='lat' dir='ltr'><strong>palparer</strong></span> <span class='ocrx_word' id='word_1_61' title='bbox 837 572 952 624; x_wconf 87' lang='lat' dir='ltr'><strong>plane</strong></span> <span class='ocrx_word' id='word_1_62' title='bbox 966 583 1114 611; x_wconf 90' lang='lat' dir='ltr'><strong>necesse</strong></span> <span class='ocrx_word' id='word_1_63' title='bbox 1135 580 1228 620; x_wconf 90' lang='lat' dir='ltr'><strong>erat,</strong></span> <span class='ocrx_word' id='word_1_64' title='bbox 1245 573 1277 611; x_wconf 84' lang='lat' dir='ltr'><strong>si</strong></span> 
     </span>
     <span class='ocr_line' id='line_1_10' title="bbox 142 622 1272 677; baseline 0.004 -17"><span class='ocrx_word' id='word_1_65' title='bbox 142 622 284 662; x_wconf 89' lang='lat' dir='ltr'><strong>vellem</strong></span> <span class='ocrx_word' id='word_1_66' title='bbox 303 633 553 674; x_wconf 87' lang='lat' dir='ltr'><strong>commeatus,</strong></span> <span class='ocrx_word' id='word_1_67' title='bbox 574 638 642 677; x_wconf 90' lang='lat' dir='ltr'><strong>per</strong></span> <span class='ocrx_word' id='word_1_68' title='bbox 666 625 902 677; x_wconf 79' lang='lat' dir='ltr'><strong>provinciam</strong></span> <span class='ocrx_word' id='word_1_69' title='bbox 922 627 1006 676; x_wconf 91' lang='lat' dir='ltr'><strong>ejus</strong></span> <span class='ocrx_word' id='word_1_70' title='bbox 1024 626 1095 665; x_wconf 88' lang='lat' dir='ltr'><strong>iter</strong></span> <span class='ocrx_word' id='word_1_71' title='bbox 1113 626 1272 675; x_wconf 82' lang='lat' dir='ltr'><strong>faciens,</strong></span> 
     </span>
     <span class='ocr_line' id='line_1_11' title="bbox 142 675 1274 733; baseline 0.004 -18"><span class='ocrx_word' id='word_1_72' title='bbox 142 675 294 717; x_wconf 87' lang='lat' dir='ltr'><strong>habere.</strong></span> <span class='ocrx_word' id='word_1_73' title='bbox 325 679 516 719; x_wconf 87' lang='lat' dir='ltr'><strong>Praeterea</strong></span> <span class='ocrx_word' id='word_1_74' title='bbox 533 681 702 729; x_wconf 85' lang='lat' dir='ltr'><strong>verebar,</strong></span> <span class='ocrx_word' id='word_1_75' title='bbox 722 693 786 729; x_wconf 93' lang='lat' dir='ltr'><strong>ne,</strong></span> <span class='ocrx_word' id='word_1_76' title='bbox 807 680 842 719; x_wconf 89' lang='lat' dir='ltr'><strong>si-</strong></span> <span class='ocrx_word' id='word_1_77' title='bbox 857 687 958 728; x_wconf 84' lang='lat' dir='ltr'><strong>ante,</strong></span> <span class='ocrx_word' id='word_1_78' title='bbox 986 694 1106 732; x_wconf 90' lang='lat' dir='ltr'><strong>quam</strong></span> <span class='ocrx_word' id='word_1_79' title='bbox 1125 695 1195 733; x_wconf 89' lang='lat' dir='ltr'><strong>ego</strong></span> <span class='ocrx_word' id='word_1_80' title='bbox 1213 681 1274 720; x_wconf 85' lang='lat' dir='ltr'><strong>in-</strong></span> 
     </span>
     <span class='ocr_line' id='line_1_12' title="bbox 142 734 1274 788; baseline 0.004 -18"><span class='ocrx_word' id='word_1_81' title='bbox 142 739 252 783; x_wconf 89' lang='lat' dir='ltr'><strong>cepta</strong></span> <span class='ocrx_word' id='word_1_82' title='bbox 281 734 517 785; x_wconf 89' lang='lat' dir='ltr'><strong>perficerem,</strong></span> <span class='ocrx_word' id='word_1_83' title='bbox 548 734 729 786; x_wconf 88' lang='lat' dir='ltr'><strong>proelium</strong></span> <span class='ocrx_word' id='word_1_84' title='bbox 766 735 981 773; x_wconf 84' lang='lat' dir='ltr'><strong>confectum</strong></span> <span class='ocrx_word' id='word_1_85' title='bbox 1014 746 1123 785; x_wconf 89' lang='lat' dir='ltr'><strong>esset,</strong></span> <span class='ocrx_word' id='word_1_86' title='bbox 1161 737 1274 788; x_wconf 90' lang='lat' dir='ltr'><strong>pium</strong></span> 
     </span>
     <span class='ocr_line' id='line_1_13' title="bbox 142 789 1273 842; baseline 0.004 -17"><span class='ocrx_word' id='word_1_87' title='bbox 142 798 276 826; x_wconf 91' lang='lat' dir='ltr'><strong>meum</strong></span> <span class='ocrx_word' id='word_1_88' title='bbox 294 789 497 828; x_wconf 88' lang='lat' dir='ltr'><strong>consilium</strong></span> <span class='ocrx_word' id='word_1_89' title='bbox 522 796 698 841; x_wconf 85' lang='lat' dir='ltr'><strong>raperent</strong></span> <span class='ocrx_word' id='word_1_90' title='bbox 716 790 757 828; x_wconf 86' lang='lat' dir='ltr'><strong>in</strong></span> <span class='ocrx_word' id='word_1_91' title='bbox 776 790 1007 828; x_wconf 85' lang='lat' dir='ltr'><strong>contrariam</strong></span> <span class='ocrx_word' id='word_1_92' title='bbox 1035 800 1185 842; x_wconf 86' lang='lat' dir='ltr'><strong>partem</strong></span> <span class='ocrx_word' id='word_1_93' title='bbox 1203 792 1273 830; x_wconf 94' lang='lat' dir='ltr'><strong>ob-</strong></span> 
     </span>
     <span class='ocr_line' id='line_1_14' title="bbox 141 844 1274 896; baseline 0.003 -16"><span class='ocrx_word' id='word_1_94' title='bbox 141 847 360 882; x_wconf 87' lang='lat' dir='ltr'><strong>trectatores</strong></span> <span class='ocrx_word' id='word_1_95' title='bbox 379 844 470 893; x_wconf 88' lang='lat' dir='ltr'><strong>mei,</strong></span> <span class='ocrx_word' id='word_1_96' title='bbox 499 852 655 896; x_wconf 84' lang='lat' dir='ltr'><strong>propter</strong></span> <span class='ocrx_word' id='word_1_97' title='bbox 673 844 899 890; x_wconf 86' lang='lat' dir='ltr'><strong>amicitiam,</strong></span> <span class='ocrx_word' id='word_1_98' title='bbox 931 858 1019 896; x_wconf 89' lang='lat' dir='ltr'><strong>quae</strong></span> <span class='ocrx_word' id='word_1_99' title='bbox 1051 845 1150 883; x_wconf 88' lang='lat' dir='ltr'><strong>mihi</strong></span> <span class='ocrx_word' id='word_1_100' title='bbox 1182 858 1274 884; x_wconf 89' lang='lat' dir='ltr'><strong>cum</strong></span> 
     </span>
     <span class='ocr_line' id='line_1_15' title="bbox 142 897 1148 951; baseline 0.002 -16"><span class='ocrx_word' id='word_1_101' title='bbox 142 897 332 948; x_wconf 86' lang='lat' dir='ltr'><strong>Antonio,</strong></span> <span class='ocrx_word' id='word_1_102' title='bbox 354 911 432 937; x_wconf 90' lang='lat' dir='ltr'><strong>non</strong></span> <span class='ocrx_word' id='word_1_103' title='bbox 451 900 575 949; x_wconf 84' lang='lat' dir='ltr'><strong>major</strong></span> <span class='ocrx_word' id='word_1_104' title='bbox 595 906 724 937; x_wconf 90' lang='lat' dir='ltr'><strong>tamen</strong></span> <span class='ocrx_word' id='word_1_105' title='bbox 743 912 861 951; x_wconf 91' lang='lat' dir='ltr'><strong>quam</strong></span> <span class='ocrx_word' id='word_1_106' title='bbox 883 899 1041 946; x_wconf 86' lang='lat' dir='ltr'><strong>Planco,</strong></span> <span class='ocrx_word' id='word_1_107' title='bbox 1062 899 1148 938; x_wconf 88' lang='lat' dir='ltr'><strong>fuit.</strong></span> 
     </span>
    </p>

    <p class='ocr_par' dir='ltr' id='par_1_4' title="bbox 142 952 1338 1717">
     <span class='ocr_line' id='line_1_16' title="bbox 198 952 1273 1006; baseline 0.003 -15"><span class='ocrx_word' id='word_1_108' title='bbox 198 952 340 1006; x_wconf 84' lang='lat' dir='ltr'><strong>Itaque</strong></span> <span class='ocrx_word' id='word_1_109' title='bbox 358 966 382 991; x_wconf 91' lang='lat' dir='ltr'><strong>a</strong></span> <span class='ocrx_word' id='word_1_110' title='bbox 401 953 577 992; x_wconf 84' lang='lat' dir='ltr'><strong>Gadibus</strong></span> <span class='ocrx_word' id='word_1_111' title='bbox 596 965 727 992; x_wconf 89' lang='lat' dir='ltr'><strong>mense</strong></span> <span class='ocrx_word' id='word_1_112' title='bbox 741 954 874 1005; x_wconf 85' lang='lat' dir='ltr'><strong>Aprili</strong></span> <span class='ocrx_word' id='word_1_113' title='bbox 888 953 988 993; x_wconf 88' lang='lat' dir='ltr'><strong>binis</strong></span> <span class='ocrx_word' id='word_1_114' title='bbox 1006 954 1214 993; x_wconf 83' lang='lat' dir='ltr'><strong>tabellariis</strong></span> <span class='ocrx_word' id='word_1_115' title='bbox 1231 955 1273 994; x_wconf 90' lang='lat' dir='ltr'><strong>in</strong></span> 
     </span>
     <span class='ocr_line' id='line_1_17' title="bbox 143 1007 1276 1060; baseline 0.002 -14"><span class='ocrx_word' id='word_1_116' title='bbox 143 1007 241 1046; x_wconf 87' lang='lat' dir='ltr'><strong>duas</strong></span> <span class='ocrx_word' id='word_1_117' title='bbox 266 1021 382 1046; x_wconf 89' lang='lat' dir='ltr'><strong>naves</strong></span> <span class='ocrx_word' id='word_1_118' title='bbox 401 1008 664 1060; x_wconf 58' lang='lat' dir='ltr'><strong>impositis,1et</strong></span> <span class='ocrx_word' id='word_1_119' title='bbox 682 1008 766 1057; x_wconf 87' lang='lat' dir='ltr'><strong>tibi,</strong></span> <span class='ocrx_word' id='word_1_120' title='bbox 788 1016 825 1047; x_wconf 88' lang='lat' dir='ltr'><strong>et</strong></span> <span class='ocrx_word' id='word_1_121' title='bbox 843 1008 1077 1058; x_wconf 89' lang='lat' dir='ltr'><strong>consulibus,</strong></span> <span class='ocrx_word' id='word_1_122' title='bbox 1100 1017 1136 1048; x_wconf 91' lang='lat' dir='ltr'><strong>et</strong></span> <span class='ocrx_word' id='word_1_123' title='bbox 1155 1009 1276 1049; x_wconf 86' lang='lat' dir='ltr'><strong>Octa·</strong></span> 
     </span>
     <span class='ocr_line' id='line_1_18' title="bbox 145 1061 1276 1115; baseline 0.003 -15"><span class='ocrx_word' id='word_1_124' title='bbox 145 1061 258 1102; x_wconf 84' lang='lat' dir='ltr'><strong>viano</strong></span> <span class='ocrx_word' id='word_1_125' title='bbox 271 1063 419 1115; x_wconf 81' lang='lat' dir='ltr'><strong>scripsi,</strong></span> <span class='ocrx_word' id='word_1_126' title='bbox 429 1072 474 1102; x_wconf 86' lang='lat' dir='ltr'><strong>ut</strong></span> <span class='ocrx_word' id='word_1_127' title='bbox 484 1076 547 1101; x_wconf 90' lang='lat' dir='ltr'><strong>me</strong></span> <span class='ocrx_word' id='word_1_128' title='bbox 562 1063 733 1101; x_wconf 86' lang='lat' dir='ltr'><strong>faceretis</strong></span> <span class='ocrx_word' id='word_1_129' title='bbox 748 1063 960 1111; x_wconf 86' lang='lat' dir='ltr'><strong>certiorem,</strong></span> <span class='ocrx_word' id='word_1_130' title='bbox 975 1076 1146 1115; x_wconf 91' lang='lat' dir='ltr'><strong>quonam</strong></span> <span class='ocrx_word' id='word_1_131' title='bbox 1158 1064 1276 1103; x_wconf 89' lang='lat' dir='ltr'><strong>modo</strong></span> 
     </span>
     <span class='ocr_line' id='line_1_19' title="bbox 142 1117 1276 1170; baseline 0.003 -15"><span class='ocrx_word' id='word_1_132' title='bbox 142 1117 358 1169; x_wconf 90' lang='lat' dir='ltr'><strong>plurimum</strong></span> <span class='ocrx_word' id='word_1_133' title='bbox 389 1131 542 1170; x_wconf 87' lang='lat' dir='ltr'><strong>possem</strong></span> <span class='ocrx_word' id='word_1_134' title='bbox 570 1117 747 1169; x_wconf 86' lang='lat' dir='ltr'><strong>prodesse</strong></span> <span class='ocrx_word' id='word_1_135' title='bbox 765 1118 997 1169; x_wconf 84' lang='lat' dir='ltr'><strong>reipublicae.</strong></span> <span class='ocrx_word' id='word_1_136' title='bbox 1029 1118 1119 1167; x_wconf 87' lang='lat' dir='ltr'><strong>Sed,</strong></span> <span class='ocrx_word' id='word_1_137' title='bbox 1151 1125 1196 1156; x_wconf 85' lang='lat' dir='ltr'><strong>ut</strong></span> <span class='ocrx_word' id='word_1_138' title='bbox 1214 1132 1276 1158; x_wconf 91' lang='lat' dir='ltr'><strong>ra-</strong></span> 
     </span>
     <span class='ocr_line' id='line_1_20' title="bbox 143 1172 1276 1225; baseline 0.002 -15"><span class='ocrx_word' id='word_1_139' title='bbox 143 1172 289 1211; x_wconf 91' lang='lat' dir='ltr'><strong>tionem</strong></span> <span class='ocrx_word' id='word_1_140' title='bbox 308 1172 409 1219; x_wconf 85' lang='lat' dir='ltr'><strong>ineo,</strong></span> <span class='ocrx_word' id='word_1_141' title='bbox 442 1185 520 1225; x_wconf 93' lang='lat' dir='ltr'><strong>quo</strong></span> <span class='ocrx_word' id='word_1_142' title='bbox 547 1172 609 1211; x_wconf 89' lang='lat' dir='ltr'><strong>die</strong></span> <span class='ocrx_word' id='word_1_143' title='bbox 636 1172 815 1224; x_wconf 89' lang='lat' dir='ltr'><strong>proelium</strong></span> <span class='ocrx_word' id='word_1_144' title='bbox 836 1173 966 1211; x_wconf 88' lang='lat' dir='ltr'><strong>Pansa</strong></span> <span class='ocrx_word' id='word_1_145' title='bbox 985 1172 1190 1222; x_wconf 86' lang='lat' dir='ltr'><strong>commisit,</strong></span> <span class='ocrx_word' id='word_1_146' title='bbox 1211 1186 1276 1212; x_wconf 88' lang='lat' dir='ltr'><strong>eo-</strong></span> 
     </span>
     <span class='ocr_line' id='line_1_21' title="bbox 144 1226 1276 1280; baseline 0.002 -16"><span class='ocrx_word' id='word_1_147' title='bbox 144 1226 235 1265; x_wconf 90' lang='lat' dir='ltr'><strong>dem</strong></span> <span class='ocrx_word' id='word_1_148' title='bbox 250 1241 273 1265; x_wconf 90' lang='lat' dir='ltr'><strong>a</strong></span> <span class='ocrx_word' id='word_1_149' title='bbox 285 1227 460 1266; x_wconf 84' lang='lat' dir='ltr'><strong>Gadibus</strong></span> <span class='ocrx_word' id='word_1_150' title='bbox 475 1240 589 1265; x_wconf 88' lang='lat' dir='ltr'><strong>naves</strong></span> <span class='ocrx_word' id='word_1_151' title='bbox 608 1227 787 1278; x_wconf 88' lang='lat' dir='ltr'><strong>profectae</strong></span> <span class='ocrx_word' id='word_1_152' title='bbox 799 1235 900 1266; x_wconf 84' lang='lat' dir='ltr'><strong>sunt.</strong></span> <span class='ocrx_word' id='word_1_153' title='bbox 931 1227 1055 1266; x_wconf 89' lang='lat' dir='ltr'><strong>Nulla</strong></span> <span class='ocrx_word' id='word_1_154' title='bbox 1070 1228 1174 1266; x_wconf 88' lang='lat' dir='ltr'><strong>enim</strong></span> <span class='ocrx_word' id='word_1_155' title='bbox 1187 1235 1276 1280; x_wconf 89' lang='lat' dir='ltr'><strong>post</strong></span> 
     </span>
     <span class='ocr_line' id='line_1_22' title="bbox 144 1281 1276 1334; baseline 0.002 -15"><span class='ocrx_word' id='word_1_156' title='bbox 144 1281 315 1321; x_wconf 89' lang='lat' dir='ltr'><strong>hiemem</strong></span> <span class='ocrx_word' id='word_1_157' title='bbox 333 1281 409 1321; x_wconf 87' lang='lat' dir='ltr'><strong>fuit</strong></span> <span class='ocrx_word' id='word_1_158' title='bbox 427 1290 515 1321; x_wconf 86' lang='lat' dir='ltr'><strong>ante</strong></span> <span class='ocrx_word' id='word_1_159' title='bbox 530 1295 615 1320; x_wconf 91' lang='lat' dir='ltr'><strong>eam</strong></span> <span class='ocrx_word' id='word_1_160' title='bbox 635 1282 738 1319; x_wconf 93' lang='lat' dir='ltr'><strong>diem</strong></span> <span class='ocrx_word' id='word_1_161' title='bbox 757 1282 962 1334; x_wconf 87' lang='lat' dir='ltr'><strong>navigatio.</strong></span> <span class='ocrx_word' id='word_1_162' title='bbox 988 1281 1043 1320; x_wconf 86' lang='lat' dir='ltr'><strong>Et</strong></span> <span class='ocrx_word' id='word_1_163' title='bbox 1062 1281 1276 1332; x_wconf 82' lang='lat' dir='ltr'><strong>(hercules)</strong></span> 
     </span>
     <span class='ocr_line' id='line_1_23' title="bbox 146 1336 1280 1388; baseline 0 -13"><span class='ocrx_word' id='word_1_164' title='bbox 146 1336 262 1388; x_wconf 86' lang='lat' dir='ltr'><strong>longe</strong></span> <span class='ocrx_word' id='word_1_165' title='bbox 280 1344 450 1375; x_wconf 90' lang='lat' dir='ltr'><strong>remotus</strong></span> <span class='ocrx_word' id='word_1_166' title='bbox 468 1338 517 1375; x_wconf 91' lang='lat' dir='ltr'><strong>ab</strong></span> <span class='ocrx_word' id='word_1_167' title='bbox 543 1336 650 1374; x_wconf 90' lang='lat' dir='ltr'><strong>omni</strong></span> <span class='ocrx_word' id='word_1_168' title='bbox 680 1336 893 1388; x_wconf 90' lang='lat' dir='ltr'><strong>suspicione</strong></span> <span class='ocrx_word' id='word_1_169' title='bbox 924 1336 1046 1374; x_wconf 90' lang='lat' dir='ltr'><strong>futuri</strong></span> <span class='ocrx_word' id='word_1_170' title='bbox 1076 1336 1197 1375; x_wconf 91' lang='lat' dir='ltr'><strong>civilis</strong></span> <span class='ocrx_word' id='word_1_171' title='bbox 1215 1345 1280 1375; x_wconf 89' lang='lat' dir='ltr'><strong>tu-</strong></span> 
     </span>
     <span class='ocr_line' id='line_1_24' title="bbox 148 1390 1338 1444; baseline 0.001 -14"><span class='ocrx_word' id='word_1_172' title='bbox 148 1392 311 1439; x_wconf 73' lang='lat' dir='ltr'><strong>multus,</strong></span> <span class='ocrx_word' id='word_1_173' title='bbox 327 1391 481 1444; x_wconf 87' lang='lat' dir='ltr'><strong>penitus</strong></span> <span class='ocrx_word' id='word_1_174' title='bbox 498 1391 539 1429; x_wconf 91' lang='lat' dir='ltr'><strong>in</strong></span> <span class='ocrx_word' id='word_1_175' title='bbox 552 1390 754 1429; x_wconf 73' lang='lat' dir='ltr'><strong>Lusitania</strong></span> <span class='ocrx_word' id='word_1_176' title='bbox 772 1391 941 1442; x_wconf 80' lang='lat' dir='ltr'><strong>legiones</strong></span> <span class='ocrx_word' id='word_1_177' title='bbox 958 1391 1000 1428; x_wconf 90' lang='lat' dir='ltr'><strong>in</strong></span> <span class='ocrx_word' id='word_1_178' title='bbox 1018 1391 1188 1430; x_wconf 88' lang='lat' dir='ltr'><strong>hibernis</strong></span> <span class='ocrx_word' id='word_1_179' title='bbox 1199 1392 1279 1431; x_wconf 89' lang='lat' dir='ltr'><strong>col·</strong></span> <span class='ocrx_word' id='word_1_180' title='bbox 1329 1418 1338 1426; x_wconf 59' lang='grc' dir='ltr'><em>ι</em></span> 
     </span>
     <span class='ocr_line' id='line_1_25' title="bbox 146 1445 1281 1498; baseline -0.001 -13"><span class='ocrx_word' id='word_1_181' title='bbox 146 1446 328 1485; x_wconf 69' lang='lat' dir='ltr'><strong>locaram.</strong></span> <span class='ocrx_word' id='word_1_182' title='bbox 356 1447 419 1485; x_wconf 90' lang='lat' dir='ltr'><strong>Ita</strong></span> <span class='ocrx_word' id='word_1_183' title='bbox 437 1459 551 1498; x_wconf 89' lang='lat' dir='ltr'><strong>porro</strong></span> <span class='ocrx_word' id='word_1_184' title='bbox 566 1445 758 1484; x_wconf 84' lang='lat' dir='ltr'><strong>festinavit</strong></span> <span class='ocrx_word' id='word_1_185' title='bbox 773 1454 935 1498; x_wconf 86' lang='lat' dir='ltr'><strong>uterque</strong></span> <span class='ocrx_word' id='word_1_186' title='bbox 946 1445 1161 1497; x_wconf 86' lang='lat' dir='ltr'><strong>confligere,</strong></span> <span class='ocrx_word' id='word_1_187' title='bbox 1178 1453 1281 1484; x_wconf 87' lang='lat' dir='ltr'><strong>tam-</strong></span> 
     </span>
     <span class='ocr_line' id='line_1_26' title="bbox 146 1500 1279 1553; baseline -0.001 -13"><span class='ocrx_word' id='word_1_188' title='bbox 146 1514 267 1553; x_wconf 90' lang='lat' dir='ltr'><strong>quam</strong></span> <span class='ocrx_word' id='word_1_189' title='bbox 300 1501 398 1540; x_wconf 91' lang='lat' dir='ltr'><strong>nihil</strong></span> <span class='ocrx_word' id='word_1_190' title='bbox 429 1502 539 1553; x_wconf 88' lang='lat' dir='ltr'><strong>pejus</strong></span> <span class='ocrx_word' id='word_1_191' title='bbox 567 1501 761 1548; x_wconf 86' lang='lat' dir='ltr'><strong>timerent,</strong></span> <span class='ocrx_word' id='word_1_192' title='bbox 791 1513 911 1552; x_wconf 89' lang='lat' dir='ltr'><strong>quam</strong></span> <span class='ocrx_word' id='word_1_193' title='bbox 936 1512 986 1538; x_wconf 92' lang='lat' dir='ltr'><strong>ne</strong></span> <span class='ocrx_word' id='word_1_194' title='bbox 1005 1500 1086 1539; x_wconf 92' lang='lat' dir='ltr'><strong>sine</strong></span> <span class='ocrx_word' id='word_1_195' title='bbox 1104 1500 1279 1539; x_wconf 83' lang='lat' dir='ltr'><strong>maximo</strong></span> 
     </span>
     <span class='ocr_line' id='line_1_27' title="bbox 146 1555 1280 1608; baseline -0.002 -13"><span class='ocrx_word' id='word_1_196' title='bbox 146 1556 368 1608; x_wconf 89' lang='lat' dir='ltr'><strong>reipublicae</strong></span> <span class='ocrx_word' id='word_1_197' title='bbox 386 1555 615 1594; x_wconf 88' lang='lat' dir='ltr'><strong>detrimento</strong></span> <span class='ocrx_word' id='word_1_198' title='bbox 633 1555 782 1594; x_wconf 90' lang='lat' dir='ltr'><strong>bellum</strong></span> <span class='ocrx_word' id='word_1_199' title='bbox 801 1562 1104 1607; x_wconf 88' lang='lat' dir='ltr'><strong>componeretur.</strong></span> <span class='ocrx_word' id='word_1_200' title='bbox 1134 1555 1224 1604; x_wconf 90' lang='lat' dir='ltr'><strong>Sed,</strong></span> <span class='ocrx_word' id='word_1_201' title='bbox 1246 1555 1280 1593; x_wconf 91' lang='lat' dir='ltr'><strong>si</strong></span> 
     </span>
     <span class='ocr_line' id='line_1_28' title="bbox 146 1609 1282 1663; baseline 0 -14"><span class='ocrx_word' id='word_1_202' title='bbox 146 1611 434 1663; x_wconf 88' lang='lat' dir='ltr'><strong>properandum</strong></span> <span class='ocrx_word' id='word_1_203' title='bbox 465 1610 555 1659; x_wconf 88' lang='lat' dir='ltr'><strong>fuit,</strong></span> <span class='ocrx_word' id='word_1_204' title='bbox 583 1609 682 1648; x_wconf 91' lang='lat' dir='ltr'><strong>nihil</strong></span> <span class='ocrx_word' id='word_1_205' title='bbox 714 1621 792 1648; x_wconf 92' lang='lat' dir='ltr'><strong>non</strong></span> <span class='ocrx_word' id='word_1_206' title='bbox 819 1610 965 1648; x_wconf 88' lang='lat' dir='ltr'><strong>summi</strong></span> <span class='ocrx_word' id='word_1_207' title='bbox 988 1609 1096 1649; x_wconf 90' lang='lat' dir='ltr'><strong>ducis</strong></span> <span class='ocrx_word' id='word_1_208' title='bbox 1123 1609 1282 1649; x_wconf 87' lang='lat' dir='ltr'><strong>consilio</strong></span> 
     </span>
     <span class='ocr_line' id='line_1_29' title="bbox 149 1664 654 1717; baseline -0.004 -13"><span class='ocrx_word' id='word_1_209' title='bbox 149 1665 309 1717; x_wconf 80' lang='lat' dir='ltr'><strong>gessisse</strong></span> <span class='ocrx_word' id='word_1_210' title='bbox 329 1665 506 1704; x_wconf 86' lang='lat' dir='ltr'><strong>Hirtium</strong></span> <span class='ocrx_word' id='word_1_211' title='bbox 525 1664 654 1712; x_wconf 27' lang='lat' dir='ltr'><strong>video.-</strong></span> 
     </span>
    </p>

    <p class='ocr_par' dir='ltr' id='par_1_5' title="bbox 150 1718 1288 2262">
     <span class='ocr_line' id='line_1_30' title="bbox 204 1718 1280 1772; baseline -0.002 -13"><span class='ocrx_word' id='word_1_212' title='bbox 204 1720 326 1759; x_wconf 89' lang='lat' dir='ltr'><strong>Nunc</strong></span> <span class='ocrx_word' id='word_1_213' title='bbox 343 1720 425 1759; x_wconf 91' lang='lat' dir='ltr'><strong>haec</strong></span> <span class='ocrx_word' id='word_1_214' title='bbox 449 1719 548 1758; x_wconf 89' lang='lat' dir='ltr'><strong>mihi</strong></span> <span class='ocrx_word' id='word_1_215' title='bbox 576 1719 796 1758; x_wconf 87' lang='lat' dir='ltr'><strong>scribuntur</strong></span> <span class='ocrx_word' id='word_1_216' title='bbox 821 1732 870 1758; x_wconf 78' lang='lat' dir='ltr'><strong>ex</strong></span> <span class='ocrx_word' id='word_1_217' title='bbox 899 1718 1031 1759; x_wconf 62' lang='lat' dir='ltr'><strong>Gallia</strong></span> <span class='ocrx_word' id='word_1_218' title='bbox 1060 1719 1216 1772; x_wconf 90' lang='lat' dir='ltr'><strong>Lepidi,</strong></span> <span class='ocrx_word' id='word_1_219' title='bbox 1242 1726 1280 1758; x_wconf 89' lang='lat' dir='ltr'><strong>et</strong></span> 
     </span>
     <span class='ocr_line' id='line_1_31' title="bbox 150 1774 1282 1814; baseline -0.002 0"><span class='ocrx_word' id='word_1_220' title='bbox 150 1775 402 1814; x_wconf 80' lang='lat' dir='ltr'><strong>nuntiantur:</strong></span> <span class='ocrx_word' id='word_1_221' title='bbox 433 1774 572 1812; x_wconf 86' lang='lat' dir='ltr'><strong>Pansae</strong></span> <span class='ocrx_word' id='word_1_222' title='bbox 596 1774 807 1812; x_wconf 86' lang='lat' dir='ltr'><strong>exercitum</strong></span> <span class='ocrx_word' id='word_1_223' title='bbox 825 1774 1021 1813; x_wconf 89' lang='lat' dir='ltr'><strong>concisum</strong></span> <span class='ocrx_word' id='word_1_224' title='bbox 1040 1787 1144 1813; x_wconf 83' lang='lat' dir='ltr'><strong>esse:</strong></span> <span class='ocrx_word' id='word_1_225' title='bbox 1175 1775 1282 1813; x_wconf 89' lang='lat' dir='ltr'><strong>Pan-</strong></span> 
     </span>
     <span class='ocr_line' id='line_1_32' title="bbox 151 1828 1282 1880; baseline -0.003 -11"><span class='ocrx_word' id='word_1_226' title='bbox 151 1843 235 1869; x_wconf 90' lang='lat' dir='ltr'><strong>sam</strong></span> <span class='ocrx_word' id='word_1_227' title='bbox 249 1843 298 1868; x_wconf 86' lang='lat' dir='ltr'><strong>ex</strong></span> <span class='ocrx_word' id='word_1_228' title='bbox 313 1829 536 1868; x_wconf 88' lang='lat' dir='ltr'><strong>vulneribus</strong></span> <span class='ocrx_word' id='word_1_229' title='bbox 551 1835 770 1866; x_wconf 87' lang='lat' dir='ltr'><strong>mortuum:</strong></span> <span class='ocrx_word' id='word_1_230' title='bbox 792 1828 926 1867; x_wconf 88' lang='lat' dir='ltr'><strong>eodem</strong></span> <span class='ocrx_word' id='word_1_231' title='bbox 940 1829 1073 1880; x_wconf 90' lang='lat' dir='ltr'><strong>proelio</strong></span> <span class='ocrx_word' id='word_1_232' title='bbox 1092 1828 1282 1867; x_wconf 86' lang='lat' dir='ltr'><strong>Martiam</strong></span> 
     </span>
     <span class='ocr_line' id='line_1_33' title="bbox 152 1882 1281 1936; baseline -0.003 -13"><span class='ocrx_word' id='word_1_233' title='bbox 152 1885 345 1936; x_wconf 88' lang='lat' dir='ltr'><strong>legionem</strong></span> <span class='ocrx_word' id='word_1_234' title='bbox 358 1882 558 1932; x_wconf 89' lang='lat' dir='ltr'><strong>interiisse,</strong></span> <span class='ocrx_word' id='word_1_235' title='bbox 574 1890 611 1921; x_wconf 90' lang='lat' dir='ltr'><strong>et</strong></span> <span class='ocrx_word' id='word_1_236' title='bbox 627 1882 675 1921; x_wconf 82' lang='lat' dir='ltr'><strong>L.</strong></span> <span class='ocrx_word' id='word_1_237' title='bbox 690 1883 899 1931; x_wconf 85' lang='lat' dir='ltr'><strong>Fabatum,</strong></span> <span class='ocrx_word' id='word_1_238' title='bbox 916 1890 954 1922; x_wconf 86' lang='lat' dir='ltr'><strong>et</strong></span> <span class='ocrx_word' id='word_1_239' title='bbox 966 1883 1011 1922; x_wconf 90' lang='lat' dir='ltr'><strong>C.</strong></span> <span class='ocrx_word' id='word_1_240' title='bbox 1028 1882 1281 1930; x_wconf 82' lang='lat' dir='ltr'><strong>Peducaeum,</strong></span> 
     </span>
     <span class='ocr_line' id='line_1_34' title="bbox 152 1937 1283 1989; baseline -0.004 -11"><span class='ocrx_word' id='word_1_241' title='bbox 152 1947 192 1978; x_wconf 88' lang='lat' dir='ltr'><strong>et</strong></span> <span class='ocrx_word' id='word_1_242' title='bbox 211 1939 264 1978; x_wconf 89' lang='lat' dir='ltr'><strong>D.</strong></span> <span class='ocrx_word' id='word_1_243' title='bbox 287 1938 556 1978; x_wconf 83' lang='lat' dir='ltr'><strong>Carfulenum.</strong></span> <span class='ocrx_word' id='word_1_244' title='bbox 596 1937 779 1975; x_wconf 75' lang='lat' dir='ltr'><strong>Hirtiano</strong></span> <span class='ocrx_word' id='word_1_245' title='bbox 798 1944 929 1976; x_wconf 88' lang='lat' dir='ltr'><strong>autem</strong></span> <span class='ocrx_word' id='word_1_246' title='bbox 955 1937 1090 1989; x_wconf 90' lang='lat' dir='ltr'><strong>proelio</strong></span> <span class='ocrx_word' id='word_1_247' title='bbox 1109 1945 1148 1975; x_wconf 89' lang='lat' dir='ltr'><strong>et</strong></span> <span class='ocrx_word' id='word_1_248' title='bbox 1166 1949 1283 1989; x_wconf 89' lang='lat' dir='ltr'><strong>quar-</strong></span> 
     </span>
     <span class='ocr_line' id='line_1_35' title="bbox 151 1991 1282 2044; baseline -0.003 -12"><span class='ocrx_word' id='word_1_249' title='bbox 151 2000 235 2033; x_wconf 86' lang='lat' dir='ltr'><strong>tam</strong></span> <span class='ocrx_word' id='word_1_250' title='bbox 263 1993 456 2044; x_wconf 88' lang='lat' dir='ltr'><strong>legionem</strong></span> <span class='ocrx_word' id='word_1_251' title='bbox 494 2000 532 2031; x_wconf 88' lang='lat' dir='ltr'><strong>et</strong></span> <span class='ocrx_word' id='word_1_252' title='bbox 569 2003 702 2030; x_wconf 90' lang='lat' dir='ltr'><strong>omnes</strong></span> <span class='ocrx_word' id='word_1_253' title='bbox 734 2004 913 2044; x_wconf 85' lang='lat' dir='ltr'><strong>peraeque</strong></span> <span class='ocrx_word' id='word_1_254' title='bbox 944 1991 1111 2031; x_wconf 83' lang='lat' dir='ltr'><strong>Antonii</strong></span> <span class='ocrx_word' id='word_1_255' title='bbox 1140 2003 1282 2036; x_wconf 82' lang='lat' dir='ltr'><strong>caesas;</strong></span> 
     </span>
     <span class='ocr_line' id='line_1_36' title="bbox 152 2045 1285 2100; baseline -0.003 -13"><span class='ocrx_word' id='word_1_256' title='bbox 152 2047 248 2087; x_wconf 88' lang='lat' dir='ltr'><strong>item</strong></span> <span class='ocrx_word' id='word_1_257' title='bbox 268 2047 417 2086; x_wconf 89' lang='lat' dir='ltr'><strong>Hirtii:</strong></span> <span class='ocrx_word' id='word_1_258' title='bbox 449 2053 629 2100; x_wconf 84' lang='lat' dir='ltr'><strong>quartam</strong></span> <span class='ocrx_word' id='word_1_259' title='bbox 648 2059 751 2094; x_wconf 75' lang='lat' dir='ltr'><strong>vero,</strong></span> <span class='ocrx_word' id='word_1_260' title='bbox 772 2059 863 2085; x_wconf 90' lang='lat' dir='ltr'><strong>cum</strong></span> <span class='ocrx_word' id='word_1_261' title='bbox 881 2054 1002 2085; x_wconf 88' lang='lat' dir='ltr'><strong>castra</strong></span> <span class='ocrx_word' id='word_1_262' title='bbox 1021 2058 1177 2098; x_wconf 89' lang='lat' dir='ltr'><strong>quoque</strong></span> <span class='ocrx_word' id='word_1_263' title='bbox 1194 2045 1285 2083; x_wconf 84' lang='lat' dir='ltr'><strong>An·</strong></span> 
     </span>
     <span class='ocr_line' id='line_1_37' title="bbox 151 2098 1286 2154; baseline -0.004 -13"><span class='ocrx_word' id='word_1_264' title='bbox 151 2102 249 2141; x_wconf 83' lang='lat' dir='ltr'><strong>tonii</strong></span> <span class='ocrx_word' id='word_1_265' title='bbox 279 2102 453 2154; x_wconf 87' lang='lat' dir='ltr'><strong>cepisset,</strong></span> <span class='ocrx_word' id='word_1_266' title='bbox 484 2115 508 2140; x_wconf 95' lang='lat' dir='ltr'><strong>a</strong></span> <span class='ocrx_word' id='word_1_267' title='bbox 537 2100 675 2153; x_wconf 64' lang='lat' dir='ltr'><strong>quinta</strong></span> <span class='ocrx_word' id='word_1_268' title='bbox 702 2100 853 2152; x_wconf 89' lang='lat' dir='ltr'><strong>legione</strong></span> <span class='ocrx_word' id='word_1_269' title='bbox 881 2101 1071 2140; x_wconf 86' lang='lat' dir='ltr'><strong>concisam</strong></span> <span class='ocrx_word' id='word_1_270' title='bbox 1098 2113 1200 2139; x_wconf 63' lang='lat' dir='ltr'><strong>esse:</strong></span> <span class='ocrx_word' id='word_1_271' title='bbox 1230 2098 1286 2138; x_wconf 89' lang='lat' dir='ltr'><strong>ibi</strong></span> 
     </span>
     <span class='ocr_line' id='line_1_38' title="bbox 153 2151 1288 2209; baseline -0.003 -14"><span class='ocrx_word' id='word_1_272' title='bbox 153 2155 334 2196; x_wconf 86' lang='lat' dir='ltr'><strong>Hirtium</strong></span> <span class='ocrx_word' id='word_1_273' title='bbox 347 2169 506 2209; x_wconf 88' lang='lat' dir='ltr'><strong>quoque</strong></span> <span class='ocrx_word' id='word_1_274' title='bbox 522 2154 692 2208; x_wconf 86' lang='lat' dir='ltr'><strong>periisse,</strong></span> <span class='ocrx_word' id='word_1_275' title='bbox 713 2162 751 2194; x_wconf 90' lang='lat' dir='ltr'><strong>et</strong></span> <span class='ocrx_word' id='word_1_276' title='bbox 772 2155 957 2196; x_wconf 81' lang='lat' dir='ltr'><strong>Pontium</strong></span> <span class='ocrx_word' id='word_1_277' title='bbox 972 2155 1189 2207; x_wconf 84' lang='lat' dir='ltr'><strong>Aquilam:</strong></span> <span class='ocrx_word' id='word_1_278' title='bbox 1211 2151 1288 2192; x_wconf 87' lang='lat' dir='ltr'><strong>dici</strong></span> 
     </span>
     <span class='ocr_line' id='line_1_39' title="bbox 155 2208 1288 2262; baseline -0.004 -12"><span class='ocrx_word' id='word_1_279' title='bbox 155 2211 271 2252; x_wconf 76' lang='lat' dir='ltr'><strong>etiam</strong></span> <span class='ocrx_word' id='word_1_280' title='bbox 290 2210 553 2251; x_wconf 85' lang='lat' dir='ltr'><strong>Octavianum</strong></span> <span class='ocrx_word' id='word_1_281' title='bbox 573 2209 775 2250; x_wconf 81' lang='lat' dir='ltr'><strong>cecidisse:</strong></span> <span class='ocrx_word' id='word_1_282' title='bbox 806 2213 912 2262; x_wconf 79' lang='lat' dir='ltr'><strong>(quae</strong></span> <span class='ocrx_word' id='word_1_283' title='bbox 931 2210 976 2260; x_wconf 87' lang='lat' dir='ltr'><strong>si,</strong></span> <span class='ocrx_word' id='word_1_284' title='bbox 992 2209 1098 2262; x_wconf 89' lang='lat' dir='ltr'><strong>quod</strong></span> <span class='ocrx_word' id='word_1_285' title='bbox 1112 2208 1182 2248; x_wconf 91' lang='lat' dir='ltr'><strong>Dii</strong></span> <span class='ocrx_word' id='word_1_286' title='bbox 1199 2220 1288 2261; x_wconf 89' lang='lat' dir='ltr'><strong>pro-</strong></span> 
     </span>
    </p>
   </div>
  </div>
 </body>
</html>
