1501 2407
303 91 713 131 ADDIVERSOS.
745 92 845 130 Lm.
878 91 959 130 111.
998 93 1054 129 13.
1186 91 1238 128 33

118 202 205 240 beto
223 208 376 239 tamen:
408 201 480 239 nisi
496 202 579 250 jam
598 208 690 239 tunc
709 201 839 238 omnia.
858 199 1011 251 negotia
1029 211 1117 238 cum
1134 212 1242 238 sum-

116 255 182 294 m‘a
201 255 269 293 tua
287 254 472 305 dignitate
497 255 785 306 diligentissime
810 254 1068 302 confecissem,
1090 255 1242 293 tametsi

116 308 214 348 nihil
232 308 431 347 videbatur
449 308 498 347 ad
515 321 650 347 meum
673 323 762 360 erga
787 317 824 348 te
843 309 1048 360 pristinum
1069 308 1241 347 studium

116 362 205 402 addi
223 376 354 415 posse:
387 371 534 410 tamen,
549 363 620 402 hac
638 363 736 401 mihi
755 364 938 401 affinitate
957 363 1149 409 nuntiata,
1163 375 1241 401 non

116 419 261 467 majore
279 417 458 469 equidem
478 418 617 466 studio,
638 418 705 456 sed
724 418 861 465 acrius,
889 417 1072 469 apertius,
1094 417 1242 468 signifi-

116 471 278 518 cantius,
299 472 527 523 dignitatem
547 481 654 510 tuam
674 472 942 511 defendissem.

171 526 382 564 Decedenti
401 526 512 573 mihi,
541 534 578 565 et
592 528 676 576 jam
695 527 855 578 imperio
874 539 1003 564 annuo
1022 526 1241 572 terminato,

117 587 205 619 ante
233 580 337 618 diem
356 580 426 619 ΙΙΙ
448 581 582 619 Nonas
602 581 778 626 Sextiles,
811 594 900 619 cum
928 581 977 618 ad
1001 580 1134 618 Sidam
1154 581 1243 618 navi

116 634 349 681 accederem,
365 642 402 673 et
420 647 572 673 mecum
586 635 638 683 Q.
652 635 834 674 Servilius
854 642 964 682 esset,
978 634 1097 672 literae
1112 648 1134 672 a
1146 635 1242 673 meis

117 695 208 728 sunt
219 688 386 727 redditae.
416 689 514 727 Dixi
529 690 659 728 statim
675 689 849 737 Servilio,
869 689 1027 742 (etenim
1043 689 1242 727 videbatur

116 756 196 782 esse
214 742 447 793 commotus)
477 751 521 782 ut
539 743 670 782 onmia
689 757 712 782 a
729 757 793 782 me
821 745 968 793 majora
995 750 1240 794 exspectaret.

117 797 227 846 Quid
254 798 411 836 multa?
442 798 724 836 benevolentior
753 798 838 845 tibi,
870 811 988 850 quam
1015 798 1087 846 fui,
1120 797 1242 836 nihilo

117 865 204 891 sum
223 852 370 897 factus3
401 851 619 903 diligentior
647 853 696 891 ad
721 852 988 891 declarandam
1013 853 1241 891 benevolen-

117 907 211 945 tiam
243 904 380 944 multo.
421 907 545 954 Nam,
570 914 615 945 ut
639 914 747 946 vetus
773 915 902 945 nostra
932 906 1105 944 simultas
1131 914 1241 944 antea

116 960 340 999 stimulabat
358 973 435 1007 me,
457 968 501 999 ut
519 974 706 1009 caverem,
731 973 780 999 ne
799 961 860 998 cui
880 960 1134 1011 suspicionem
1153 960 1240 999 ficte

117 1014 366 1054 reconciliatae
384 1015 516 1066 gratiae
535 1015 693 1059 darem3
724 1015 777 1053 sic
802 1015 965 1053 affinitas
990 1027 1090 1052 nova
1108 1027 1239 1053 curam

116 1069 215 1107 mihi
234 1069 341 1106 affert
360 1069 531 1117 cavendi,
552 1082 601 1108 ne
626 1070 721 1120 quid
746 1069 794 1106 de
818 1082 970 1107 summo
989 1081 1076 1107 meo
1088 1082 1185 1120 erga
1203 1076 1241 1107 te

117 1136 246 1162 amore
265 1123 478 1161 detractum
498 1136 577 1162 esse
596 1124 781 1163 videatur.
813 1124 849 1162 V
852 1124 923 1161 ale.

151 1290 167 1330 (
188 1283 268 1335 13.)
299 1284 361 1323 M.
377 1286 428 1324 T.
444 1286 488 1324 C.
517 1286 697 1325 APPIO
727 1285 1005 1325 PULCHRO
1036 1286 1074 1324 S.
1090 1285 1136 1323 P.
1151 1284 1204 1323 D.

168 1395 492 1446 (Argumentum.
514 1419 569 1424 —
582 1396 717 1448 Appio
735 1395 876 1448 gratias
896 1395 988 1447 agit,
1010 1395 1114 1447 quod
1133 1407 1236 1441 suos,

116 1450 158 1488 in
188 1450 462 1501 supplicatione
490 1450 738 1497 decernenda,
768 1450 999 1499 adjuvisset:
1029 1457 1239 1501 parataque

114 1503 172 1541 illi
208 1504 331 1542 officia
362 1505 590 1556 pollicetur:
620 1504 667 1542 de
697 1504 910 1542 Dolabellae
938 1504 1239 1542 reconciliatione

114 1570 191 1597 non
210 1558 406 1610 desperat:
437 1571 638 1598 censuram
656 1561 854 1597 obtentam
873 1571 951 1597 esse
970 1565 1128 1610 sperat.)

168 1667 291 1716 Quasi
305 1666 532 1714 divinarem,
547 1667 615 1705 tali
629 1667 668 1705 in
684 1666 807 1705 officio
821 1667 901 1705 fore
915 1667 1012 1705 mihi
1027 1666 1235 1718 aliquando

58 1750 63 1754 ,
116 1721 375 1773 expetendum
401 1721 572 1760 studium
597 1729 725 1769 tuum,
757 1721 823 1770 sic,
855 1735 945 1760 cum
963 1721 1011 1760 de
1030 1721 1105 1760 tuis
1124 1722 1238 1760 rebus

115 1776 229 1826 gestis
247 1778 443 1827 agebatur,
463 1776 715 1814 inserviebam
739 1775 875 1814 honori
903 1783 982 1813 tuo.
1013 1775 1153 1813 Dicam
1180 1782 1238 1813 ta-

114 1842 205 1868 men
235 1843 344 1869 vere:
376 1831 478 1881 plus,
511 1843 630 1881 quam
659 1843 868 1881 acceperas,
897 1829 1105 1868 reddidisti.
1136 1828 1238 1877 Quis

115 1884 219 1922 enim
237 1884 287 1922 ad
304 1897 367 1921 nie
379 1896 455 1921 non
475 1883 702 1935 perscripsit,
718 1891 769 1931 te,
783 1896 860 1922 non
876 1884 1001 1922 solum
1016 1883 1238 1921 auctoritate

114 1938 307 1985 orationis,
329 1938 516 1976 sententia
534 1938 616 1986 tua,
644 1938 784 1989 quibus
809 1951 878 1989 ego
906 1951 929 1975 a
954 1938 1023 1975 tali
1041 1937 1122 1976 viro
1148 1949 1238 1975 con-

115 1997 243 2030 tentus
262 2004 380 2040 eram,
401 1991 467 2030 sed
486 1991 600 2030 etiam
620 1991 746 2044 opera,
769 1992 938 2039 consilio,
952 1992 1114 2030 domum
1130 1990 1237 2030 veni-

114 2045 227 2093 endo,
254 2046 519 2085 conveniendis
537 2046 646 2094 meis,
678 2046 834 2084 nullum
853 2058 996 2084 munus
1015 2045 1129 2084 officii
1156 2045 1238 2082 cui-

114 2112 234 2151 quam
252 2100 445 2152 reliquum
465 2100 628 2139 fecisse?
669 2100 767 2139 Haec
789 2100 887 2139 mihi
905 2099 1093 2152 ampliora
1110 2098 1236 2137 multo

116 2161 219 2202 sunt,
240 2167 359 2205 quam
378 2154 446 2193 illa
475 2154 573 2206 ipsa,
604 2161 758 2207 propter
787 2168 875 2206 quae
902 2154 985 2193 haec
1001 2153 1236 2193 laborantur.

118 2206 290 2259 Insignia
309 2207 412 2246 enim
430 2208 581 2249 virtutis
599 2208 729 2257 multi,
759 2209 874 2247 etiam
903 2208 985 2247 sine
1004 2207 1156 2254 virtute,
1177 2219 1236 2244 as-
