1501 2407
267 113 347 151 208
440 111 525 150 AD
553 112 850 155 DIVERSOS.
885 114 985 153 Lm.
1007 114 1108 154 VII.
1139 117 1222 161 27:

262 232 354 258 cum
381 220 597 261 incidissem
627 223 669 261 in
697 236 804 262 coena
829 223 1006 275 augurali
1026 223 1131 276 apud
1155 223 1387 274 Lentulum,

263 280 371 313 tanta
388 289 453 314 me
479 276 633 327 ὃιαῤῥοια
659 278 834 329 arripuit,
861 287 907 317 ut
930 278 1044 317 hodie
1069 279 1242 331 primum
1260 278 1390 318 videa-

263 335 329 367 tur
358 330 514 391 6ωΡ1558
546 332 756 370 consistere.
797 333 860 371 Ita
889 346 973 384 egO,
1005 333 1074 385 qui
1102 346 1167 372 me
1191 333 1323 372 ostreis
1351 341 1390 372 et

263 385 448 423 muraenis
465 384 575 423 facile
594 386 848 448 abstinebam,
869 401 892 425 a
910 386 999 426 beta
1016 395 1053 426 et
1065 402 1089 426 a
1105 387 1237 426 malva
1254 387 1390 439 decep-

263 444 326 475 tus
345 451 444 476 sum.
474 439 638 479 Posthac
657 441 775 492 igitur
793 441 934 480 erimus
953 442 1148 480 cautiores.
1178 442 1245 480 Tu
1259 449 1390 480 tamen

264 503 355 530 cum
374 493 544 531 audisses
563 495 611 532 ab
622 495 779 542 Anicio,
793 495 907 539 (vidit
921 496 1024 534 enim
1041 509 1105 535 me
1123 503 1390 543 nauseantem)

266 557 346 584 non
376 547 492 586 modo
520 548 699 586 mittendi
735 562 891 588 causam
919 551 1066 600 justam
1101 550 1284 612 habuisti,
1323 550 1392 589 sed

265 600 382 639 etiam
401 601 560 640 visendi.
589 603 677 654 Ego
696 603 762 642 hie
779 604 904 655 cogito
922 604 1163 666 commorari,
1183 603 1311 666 quoad
1327 617 1392 644 me

265 655 458 694 reficiam:
490 669 582 694 nam
601 665 638 695 et
652 657 749 695 vires
768 665 805 696 et
823 671 960 709 corpus
980 659 1103 697 amisi.
1132 659 1223 708 Sed,
1236 659 1270 698 si
1287 671 1392 697 mor-

264 709 361 748 bum
380 709 577 762 depulero,
597 710 708 750 facile
727 715 788 756 (ιιι
806 719 932 765 spero)
947 712 1015 752 illa
1028 715 1223 753 revocabo.
1251 713 1364 753 Vale.

456 876 570 928 (27.)
602 876 815 918 CICERO
845 876 1058 918 GALLO.
1087 880 1127 919 s.
1146 878 1202 917 D.

319 981 646 1033 (Argumentum.
664 1009 720 1017 —
732 983 871 1023 Gallus
909 982 1024 1029 (alius
1059 983 1231 1031 fortasse,
1269 995 1388 1035 quam

263 1036 427 1085 Fabius)
453 1038 676 1077 Ciceronem
704 1038 823 1076 literis
851 1045 1114 1086 accusaverat3
1143 1050 1262 1090 quem
1280 1037 1390 1076 vicis-

263 1091 339 1130 sim
359 1091 491 1131 Cicero
509 1092 628 1131 literis
646 1092 858 1145 repungit.)

318 1199 460 1249 Miror,
482 1214 549 1240 cur
566 1214 632 1240 me
657 1214 823 1251 accuses,
851 1215 940 1241 cum
959 1200 1089 1241 tibiid
1107 1200 1230 1241 facere
1247 1213 1325 1240 non
1342 1200 1391 1240 li-

265 1262 347 1294 ceat
361 1270 371 1293 2
395 1255 498 1308 quod
512 1256 542 1294 si
554 1256 696 1303 liceret,
710 1265 839 1300 tamen
853 1269 930 1295 non
943 1257 1119 1295 debebas.
1143 1260 1171 1279 “
1185 1256 1273 1308 Ego
1286 1256 1391 1294 enim

264 1316 303 1348 te
320 1310 360 1348 in
380 1311 581 1349 consulatu
601 1311 885 1350 observatam?
913 1311 969 1349 Et
987 1311 1055 1359 ais,
1071 1311 1165 1358 fore,
1185 1319 1230 1349 ut
1247 1318 1285 1349 te
1305 1310 1391 1349 Cae-

264 1375 326 1402 sar
345 1365 528 1403 restituat.
558 1365 692 1406 Multa
710 1373 754 1407 tu
774 1365 930 1417 quidem
945 1364 1063 1404 dicis:
1094 1365 1161 1404 sed
1179 1365 1250 1404 tibi
1275 1377 1392 1404 nemo

263 1418 394 1456 credit.
423 1419 686 1458 Tribunatum
698 1420 824 1471 plebei
843 1420 934 1457 dicis
953 1427 990 1458 te
1003 1420 1090 1458 mea
1104 1420 1220 1458 eausa
1237 1421 1390 1471 petisse.

264 1473 428 1511 Utinam
459 1487 609 1525 semper
637 1487 734 1513 esses
763 1474 966 1512 tribunus!
997 1474 1282 1513 intercessorem
1311 1486 1390 1512 non

265 1540 465 1578 quaereres.
497 1529 644 1580 Negas,
665 1541 729 1568 me
751 1528 905 1575 audere,
932 1528 1037 1580 quod
1056 1529 1232 1578 sentiam,
1253 1528 1390 1567 dicere.

264 1581 389 1629 Quasi
408 1582 491 1629 tibi,
513 1596 572 1621 cu
564 1597 603 1621 ιι
622 1583 868 1636 impudenter
885 1595 950 1621 me
967 1595 1134 1634 rogares,
1153 1596 1294 1635 parum
1312 1582 1395 1622 for-

262 1635 351 1674 titer
369 1637 640 1698 responderim.

319 1690 420 1729 Haec
451 1691 522 1729 tibi
551 1691 696 1744 scripsi,
723 1698 782 1737 ut,
809 1691 882 1730 isto
906 1691 992 1744 ipso
1018 1690 1060 1729 in
1081 1704 1233 1743 genere,
1253 1691 1294 1729 in
1312 1704 1392 1744 quo

263 1744 412 1796 aliquid
430 1758 541 1797 posse
567 1746 637 1795 vis,
658 1754 695 1784 te
713 1745 812 1786 nihil
831 1759 909 1785 esse
933 1758 1190 1797 cognosceres.
1223 1745 1342 1794 Quod
1360 1746 1392 1785 si

261 1799 484 1838 humaniter
506 1813 660 1838 mecum
694 1810 850 1852 questus
881 1814 992 1848 esses,
1028 1800 1191 1844 libenter
1218 1800 1289 1839 tibi
1312 1813 1390 1849 me,

263 1860 302 1891 et
319 1853 443 1900 facile,
471 1867 709 1906 purgassem.
739 1854 833 1892 Non
859 1855 962 1893 enim
985 1855 1135 1905 ingrata
1162 1854 1260 1893 mihi
1285 1863 1390 1904 sunt,

263 1921 352 1959 quae
364 1907 511 1955 fecisti,
542 1909 621 1956 sed,
643 1922 731 1961 quae
746 1908 939 1960 scripsisti,
952 1909 1124 1948 molesta.
1159 1909 1231 1947 Me
1245 1916 1390 1957 autem,

262 1969 420 2014 propter
448 1976 565 2015 quem
595 1963 720 2002 caeteri
749 1963 861 2002 liberi
890 1971 994 2011 sunt,
1025 1963 1097 2002 tibi
1120 1964 1287 2002 liberum
1312 1975 1390 2002 non

263 2015 392 2055 visum
421 2017 599 2056 demiror.
643 2018 766 2065 Nam,
796 2017 828 2056 si
855 2017 952 2056 falsa
975 2017 1146 2066 fuerunt,
1173 2031 1261 2069 quae
1279 2025 1322 2056 tu
1341 2017 1392 2056 ad

262 2083 328 2109 me
354 2073 415 2115 (ut
439 2072 510 2133 ais)
537 2071 722 2133 detulisti,
749 2071 844 2123 quid
866 2072 938 2110 tibi
960 2084 1030 2123 ego
1058 2071 1208 2111 debeo?
1236 2072 1268 2110 si
1286 2085 1389 2120 vera,

263 2132 307 2163 tu
326 2138 366 2163 es
383 2127 554 2178 optimus
572 2126 690 2176 tostis,
707 2126 802 2178 quid
813 2126 1090 2179 mihipopulus
1110 2127 1311 2166 Romanus
1325 2125 1394 2165 de-

261 2180 367 2218 beat.
