1501 2407
205 94 258 131 48
413 94 494 132 AD
522 94 819 134 DIVERSOS.
849 93 949 132 Lm.
971 91 1031 131 ΙΙ.
1060 94 1122 132 16.

203 200 299 238 mihi
318 201 455 240 videris
478 215 572 251 esse,
591 202 696 254 quod
715 210 752 241 et
776 204 901 241 bonus
919 202 1010 241 civis
1028 208 1067 240 et
1082 202 1207 242 bonus
1224 204 1323 243 ami-

205 267 273 292 cus
292 269 343 294 es.

256 308 358 360 Ego,
385 309 433 348 de
460 310 654 363 provincia
677 309 874 355 decedens,
906 317 1135 362 quaestorem
1154 310 1319 350 Coelium

201 364 392 414 praeposui
409 364 623 415 provinciae.
655 365 861 403 Puerum?
889 364 1050 415 inquies.
1079 365 1139 402 At
1157 373 1321 416 quaesto-

201 429 283 454 rem
300 431 312 462 ς
342 426 381 456 at
395 418 562 456 nobilem
582 419 856 457 adolescentem
871 432 882 463 ;
913 426 953 456 at
970 418 1146 456 omnium
1156 419 1236 457 fere
1254 433 1322 458 ex-

201 472 355 522 emplo:
386 484 510 524 neque
547 480 626 511 erat
663 472 854 524 superiore
888 472 1032 510 honore
1061 485 1170 519 usus,
1202 487 1320 524 quem

200 524 442 574 praeficerem.
494 527 698 564 Pomtinus
730 526 854 564 multo
887 533 975 564 ante
1010 526 1256 565 discesserat:
1296 541 1320 566 a

201 578 351 626 Quinto
369 580 485 618 fratre
501 580 699 631 impetrari
716 592 793 618 non
805 587 977 631 poteratz
1007 593 1124 631 quem
1140 587 1268 619 tamen
1287 582 1320 620 si

201 632 452 684 reliquissem,
479 634 672 673 dicerent
662 633 800 684 miqui,
821 646 897 671 non
916 646 979 671 me
1003 635 1117 685 plane
1138 642 1227 686 post
1250 647 1320 673 ane-

199 697 310 735 num,
329 695 374 725 ut
404 696 555 726 senatus
584 688 778 733 voluisset,
804 687 852 725 de
881 687 1076 739 provincia
1105 688 1319 735 decessisse,

200 741 385 790 quoniam
418 741 581 780 alterum
610 754 674 779 me
705 741 955 792 reliquissem.
999 741 1174 779 Fortasse
1203 743 1319 781 etiam

198 793 298 832 illud
316 795 510 843 adderent,
537 802 711 833 senatum
731 807 793 832 eos
812 794 975 832 voluisse
992 795 1194 845 provinciis
1221 810 1319 848 prae-

201 860 294 894 esse,
316 849 384 900 qui
399 857 509 887 antea
527 862 604 886 non
621 848 887 899 praefuissent;
916 847 1074 886 fratrem
1093 861 1225 887 meum
1250 851 1319 888 tri-

199 902 357 940 ennium
372 904 479 941 Asiae
490 903 696 954 praefuisse.
725 902 905 954 Denique
923 914 1026 940 nunc
1045 903 1226 942 sollicitus
1240 917 1317 942 non

198 968 297 993 sum.
327 956 369 994 Si
386 957 544 995 fratrem
565 956 817 1008 reliquissem,
837 956 967 994 omnia
995 956 1181 995 timerem.
1222 958 1318 997 Pos-

197 1016 332 1057 tremo,
356 1022 433 1049 non
453 1019 534 1049 tam
555 1023 643 1049 mea
661 1018 810 1062 sponte,
830 1023 948 1062 quam
967 1011 1317 1062 potentissimorum

198 1062 365 1102 duorum
398 1064 589 1116 exemplo,
617 1065 685 1115 qui
711 1076 842 1103 omnes
868 1065 1018 1103 Cassios
1047 1065 1319 1117 Antoniosque

197 1118 386 1169 complexi
419 1126 522 1167 sunt,
542 1119 711 1157 nobilem
730 1118 1006 1157 adolescentem
1031 1131 1109 1156 non
1127 1126 1208 1157 tam
1234 1120 1320 1158 alli-

197 1183 280 1210 cere
298 1173 415 1220 volui,
430 1186 548 1224 quam
562 1174 726 1211 alienare
738 1172 857 1210 nolui.
886 1172 976 1210 Hoc
990 1180 1032 1210 tu
1050 1185 1183 1211 meum
1198 1175 1320 1213 consi-

195 1224 293 1263 lium
307 1226 454 1275 laudes,
470 1240 619 1266 necesse
634 1233 709 1264 est:
731 1226 874 1264 mutari
890 1226 993 1264 enim
1005 1239 1083 1264 non
1097 1234 1232 1278 potest.
1253 1228 1318 1267 De

195 1278 332 1318 Ocella
345 1294 483 1330 parum
496 1281 545 1318 ad
563 1292 627 1319 me
637 1281 751 1331 plane
765 1280 963 1331 scripseras
977 1294 987 1318 ε
1010 1286 1046 1318 et
1063 1280 1104 1318 in
1115 1281 1227 1320 Actis
1238 1295 1315 1320 non

194 1341 285 1371 erat.
314 1334 415 1372 Tuae
433 1347 492 1372 res
509 1341 624 1385 gestae
637 1335 692 1372 ita
709 1341 810 1372 notae
827 1341 932 1381 sunt,
947 1342 1006 1381 ut,
1022 1341 1126 1372 trans
1144 1344 1316 1375 montem

195 1387 374 1425 Taurum
394 1388 524 1436 etiam,
553 1389 600 1426 de
620 1387 807 1426 Matrinio
825 1388 874 1426 sit
891 1387 1082 1426 auditum.
1121 1388 1224 1440 Ego,
1243 1390 1317 1429 nisi

193 1441 289 1491 quid
306 1454 370 1480 me
388 1441 529 1481 Etesiae
546 1444 814 1491 morabuntur,
834 1441 1004 1481 celeriter
1022 1445 1085 1486 (ut
1101 1450 1230 1494 spero)
1249 1457 1317 1484 vos

193 1495 341 1534 videbo.
397 1496 510 1535 Vale.

193 1601 310 1654 (16.)
360 1602 422 1642 M.
455 1603 505 1643 T.
538 1601 583 1643 c.
619 1602 738 1642 ΙΜΡ.
781 1603 844 1642 Μ.
875 1602 1081 1654 cosmo,
1126 1603 1313 1646 AED1L1

518 1657 757 1705 CURULI,
790 1659 829 1698 s.
851 1658 897 1698 Ρ.
919 1658 976 1698 D.

243 1763 566 1813 (Argumentum.
579 1788 625 1794 —
646 1765 792 1812 Cicero,
813 1779 862 1804 ex
889 1765 1085 1818 provincia
1103 1778 1309 1817 regressus,

188 1816 310 1856 Coelio
340 1817 541 1857 videbatur
557 1819 723 1858 nimium
742 1821 791 1858 ad
811 1821 1042 1872 Pompeium
1061 1820 1308 1871 propendere,

188 1872 293 1922 quod
311 1871 489 1910 dissuasit
506 1873 564 1911 illi
584 1874 694 1925 epist.
716 1874 823 1912 XVI
842 1874 909 1912 lib.
927 1874 1066 1919 VIII;
1097 1874 1159 1912 cui
1178 1874 1312 1913 Cicero

188 1926 405 1976 respondet,
439 1939 480 1965 se
510 1940 645 1979 pacem
674 1935 711 1966 et
738 1928 861 1966 otium
889 1929 1019 1974 malle,
1041 1940 1157 1979 quam
1189 1935 1312 1967 castra

190 1979 323 2030 sequi·
354 1980 470 2019 etiam
487 1994 622 2020 causas
649 1981 886 2021 sinisterioris
905 1981 1128 2034 suspicionis
1146 1982 1310 2021 ostendit

188 2039 226 2070 et
242 2032 418 2083 refutat.)

241 2137 392 2192 Magno
418 2141 547 2181 dolore
564 2155 628 2181 me
646 2143 857 2186 affecissent
883 2151 961 2182 tuae
982 2144 1116 2192 literae,
1135 2141 1209 2181 nisi
1222 2143 1306 2192 jam

187 2199 225 2232 et
242 2194 340 2232 ratio
355 2195 440 2248 ipsa
457 2196 666 2250 depulisset
683 2210 816 2237 omnes
841 2198 1050 2247 molestias,
1069 2204 1110 2237 et
1124 2196 1307 2236 diuturna
