<?xml version="1.0" encoding="UTF-8"?>
<!DOCTYPE html PUBLIC "-//W3C//DTD XHTML 1.0 Transitional//EN"
    "http://www.w3.org/TR/xhtml1/DTD/xhtml1-transitional.dtd">
<html xmlns="http://www.w3.org/1999/xhtml" xml:lang="en" lang="en">
 <head>
  <title>
</title>
<meta http-equiv="Content-Type" content="text/html;charset=utf-8" />
  <meta name='ocr-system' content='tesseract 3.04.00' />
  <meta name='ocr-capabilities' content='ocr_page ocr_carea ocr_par ocr_line ocrx_word'/>
</head>
<body>
  <div class='ocr_page' id='page_1' title='image "./operaern09ciceuoft_0100.png"; bbox 0 0 1501 2407; ppageno 0'>
   <div class='ocr_carea' id='block_1_1' title="bbox 312 103 1212 144">
    <p class='ocr_par' dir='ltr' id='par_1_1' title="bbox 312 103 1212 144">
     <span class='ocr_line' id='line_1_1' title="bbox 312 103 1212 144; baseline -0.001 -1"><span class='ocrx_word' id='word_1_1' title='bbox 312 108 364 143; x_wconf 75' lang='lat'>86</span> <span class='ocrx_word' id='word_1_2' title='bbox 513 105 592 143; x_wconf 88' lang='lat' dir='ltr'>AD</span> <span class='ocrx_word' id='word_1_3' title='bbox 620 103 912 144; x_wconf 86' lang='lat' dir='ltr'>DIVERSOS.</span> <span class='ocrx_word' id='word_1_4' title='bbox 943 103 1040 143; x_wconf 78' lang='lat' dir='ltr'>Lm.</span> <span class='ocrx_word' id='word_1_5' title='bbox 1071 104 1146 144; x_wconf 88' lang='lat' dir='ltr'>1v.</span> <span class='ocrx_word' id='word_1_6' title='bbox 1178 105 1212 144; x_wconf 87' lang='lat'>1.</span> 
     </span>
    </p>
   </div>
   <div class='ocr_carea' id='block_1_2' title="bbox 312 212 1432 2187">
    <p class='ocr_par' dir='ltr' id='par_1_2' title="bbox 312 212 1418 477">
     <span class='ocr_line' id='line_1_2' title="bbox 313 212 1418 263; baseline 0 -11"><span class='ocrx_word' id='word_1_7' title='bbox 313 213 380 260; x_wconf 85' lang='grc'>815,</span> <span class='ocrx_word' id='word_1_8' title='bbox 401 220 438 251; x_wconf 86' lang='grc'>81</span> <span class='ocrx_word' id='word_1_9' title='bbox 465 213 505 250; x_wconf 83' lang='grc'>111</span> <span class='ocrx_word' id='word_1_10' title='bbox 525 212 719 251; x_wconf 81' lang='lat' dir='ltr'>consulatu</span> <span class='ocrx_word' id='word_1_11' title='bbox 749 220 815 250; x_wconf 91' lang='lat' dir='ltr'>tuo</span> <span class='ocrx_word' id='word_1_12' title='bbox 838 220 875 250; x_wconf 92' lang='lat' dir='ltr'>et</span> <span class='ocrx_word' id='word_1_13' title='bbox 897 218 982 263; x_wconf 90' lang='lat' dir='ltr'>post</span> <span class='ocrx_word' id='word_1_14' title='bbox 1010 213 1263 260; x_wconf 80' lang='lat' dir='ltr'>consulatum,</span> <span class='ocrx_word' id='word_1_15' title='bbox 1288 212 1418 252; x_wconf 79' lang='lat' dir='ltr'>fuisse.</span> 
     </span>
     <span class='ocr_line' id='line_1_3' title="bbox 314 266 1418 317; baseline 0.002 -13"><span class='ocrx_word' id='word_1_16' title='bbox 314 267 402 317; x_wconf 90' lang='lat' dir='ltr'>Ego</span> <span class='ocrx_word' id='word_1_17' title='bbox 419 273 561 313; x_wconf 83' lang='lat' dir='ltr'>autem,</span> <span class='ocrx_word' id='word_1_18' title='bbox 583 279 670 304; x_wconf 91' lang='lat' dir='ltr'>cum</span> <span class='ocrx_word' id='word_1_19' title='bbox 689 266 887 304; x_wconf 87' lang='lat' dir='ltr'>consilium</span> <span class='ocrx_word' id='word_1_20' title='bbox 905 273 1016 303; x_wconf 90' lang='lat' dir='ltr'>tuum</span> <span class='ocrx_word' id='word_1_21' title='bbox 1027 267 1240 317; x_wconf 88' lang='lat' dir='ltr'>probarem,</span> <span class='ocrx_word' id='word_1_22' title='bbox 1260 273 1298 305; x_wconf 88' lang='lat' dir='ltr'>et</span> <span class='ocrx_word' id='word_1_23' title='bbox 1314 266 1418 306; x_wconf 88' lang='lat' dir='ltr'>idem</span> 
     </span>
     <span class='ocr_line' id='line_1_4' title="bbox 312 319 1415 371; baseline 0.001 -13"><span class='ocrx_word' id='word_1_24' title='bbox 312 320 392 371; x_wconf 91' lang='lat' dir='ltr'>ipse</span> <span class='ocrx_word' id='word_1_25' title='bbox 403 320 592 367; x_wconf 85' lang='lat' dir='ltr'><strong>sentirem,</strong></span> <span class='ocrx_word' id='word_1_26' title='bbox 605 319 701 357; x_wconf 80' lang='lat' dir='ltr'>nihil</span> <span class='ocrx_word' id='word_1_27' title='bbox 715 320 967 370; x_wconf 86' lang='lat' dir='ltr'>proficiebam.</span> <span class='ocrx_word' id='word_1_28' title='bbox 997 319 1087 357; x_wconf 88' lang='lat' dir='ltr'>Sero</span> <span class='ocrx_word' id='word_1_29' title='bbox 1101 320 1203 358; x_wconf 87' lang='lat' dir='ltr'>enim</span> <span class='ocrx_word' id='word_1_30' title='bbox 1214 332 1390 359; x_wconf 85' lang='lat' dir='ltr'>veneram</span> <span class='ocrx_word' id='word_1_31' title='bbox 1402 334 1415 359; x_wconf 73' lang='grc' dir='ltr'><em>ε</em></span> 
     </span>
     <span class='ocr_line' id='line_1_5' title="bbox 314 372 1416 413; baseline 0.002 -1"><span class='ocrx_word' id='word_1_32' title='bbox 314 374 416 412; x_wconf 88' lang='lat' dir='ltr'>solus</span> <span class='ocrx_word' id='word_1_33' title='bbox 436 387 565 412; x_wconf 87' lang='lat' dir='ltr'>eram:</span> <span class='ocrx_word' id='word_1_34' title='bbox 596 372 699 411; x_wconf 85' lang='lat' dir='ltr'>rudis</span> <span class='ocrx_word' id='word_1_35' title='bbox 718 386 795 410; x_wconf 89' lang='lat' dir='ltr'>esse</span> <span class='ocrx_word' id='word_1_36' title='bbox 813 373 995 411; x_wconf 85' lang='lat' dir='ltr'>videbar’</span> <span class='ocrx_word' id='word_1_37' title='bbox 985 385 1025 410; x_wconf 90' lang='grc'>111</span> <span class='ocrx_word' id='word_1_38' title='bbox 1045 374 1181 411; x_wconf 85' lang='lat' dir='ltr'>causa:</span> <span class='ocrx_word' id='word_1_39' title='bbox 1209 373 1416 413; x_wconf 82' lang='lat' dir='ltr'>incideram</span> 
     </span>
     <span class='ocr_line' id='line_1_6' title="bbox 313 426 1217 477; baseline 0 -12"><span class='ocrx_word' id='word_1_40' title='bbox 313 427 353 465; x_wconf 89' lang='lat' dir='ltr'>in</span> <span class='ocrx_word' id='word_1_41' title='bbox 373 428 572 466; x_wconf 89' lang='lat' dir='ltr'>hominum</span> <span class='ocrx_word' id='word_1_42' title='bbox 590 426 784 477; x_wconf 87' lang='lat' dir='ltr'>pugnandi</span> <span class='ocrx_word' id='word_1_43' title='bbox 805 426 1052 477; x_wconf 88' lang='lat' dir='ltr'>cupidorum</span> <span class='ocrx_word' id='word_1_44' title='bbox 1043 427 1217 465; x_wconf 77' lang='lat' dir='ltr'>insanias.</span> 
     </span>
    </p>

    <p class='ocr_par' dir='ltr' id='par_1_3' title="bbox 313 479 1425 1275">
     <span class='ocr_line' id='line_1_7' title="bbox 368 479 1420 542; baseline 0.001 -23"><span class='ocrx_word' id='word_1_45' title='bbox 368 481 409 519; x_wconf 90' lang='lat' dir='ltr'>N</span> <span class='ocrx_word' id='word_1_46' title='bbox 412 493 498 528; x_wconf 82' lang='lat' dir='ltr'>unc,</span> <span class='ocrx_word' id='word_1_47' title='bbox 512 480 693 532; x_wconf 87' lang='lat' dir='ltr'>quoniam</span> <span class='ocrx_word' id='word_1_48' title='bbox 705 480 822 517; x_wconf 83' lang='grc'>1111111”</span> <span class='ocrx_word' id='word_1_49' title='bbox 809 493 890 528; x_wconf 89' lang='lat' dir='ltr'>Jam</span> <span class='ocrx_word' id='word_1_50' title='bbox 902 479 1114 521; x_wconf 87' lang='lat' dir='ltr'>videbimur</span> <span class='ocrx_word' id='word_1_51' title='bbox 1124 480 1301 542; x_wconf 70' lang='lat' dir='ltr'>opitulari</span> <span class='ocrx_word' id='word_1_52' title='bbox 1311 494 1420 533; x_wconf 83' lang='lat' dir='ltr'>posse</span> 
     </span>
     <span class='ocr_line' id='line_1_8' title="bbox 314 533 1419 586; baseline 0.001 -14"><span class='ocrx_word' id='word_1_53' title='bbox 314 535 543 586; x_wconf 83' lang='lat' dir='ltr'>reipublicae,</span> <span class='ocrx_word' id='word_1_54' title='bbox 565 534 595 572; x_wconf 87' lang='lat' dir='ltr'>si</span> <span class='ocrx_word' id='word_1_55' title='bbox 614 533 706 584; x_wconf 92' lang='lat' dir='ltr'>quid</span> <span class='ocrx_word' id='word_1_56' title='bbox 725 541 793 580; x_wconf 86' lang='lat' dir='ltr'>est,</span> <span class='ocrx_word' id='word_1_57' title='bbox 816 533 856 570; x_wconf 91' lang='lat' dir='ltr'>in</span> <span class='ocrx_word' id='word_1_58' title='bbox 875 546 951 583; x_wconf 92' lang='lat' dir='ltr'>quo</span> <span class='ocrx_word' id='word_1_59' title='bbox 969 534 1184 572; x_wconf 89' lang='lat' dir='ltr'>nobismet&#39;</span> <span class='ocrx_word' id='word_1_60' title='bbox 1174 535 1266 585; x_wconf 78' lang='lat' dir='ltr'>ipsis</span> <span class='ocrx_word' id='word_1_61' title='bbox 1284 547 1419 573; x_wconf 90' lang='lat' dir='ltr'>consu-</span> 
     </span>
     <span class='ocr_line' id='line_1_9' title="bbox 313 586 1420 638; baseline 0.001 -12"><span class='ocrx_word' id='word_1_62' title='bbox 313 588 390 626; x_wconf 89' lang='lat' dir='ltr'>lere</span> <span class='ocrx_word' id='word_1_63' title='bbox 408 588 608 638; x_wconf 86' lang='lat' dir='ltr'>possimus,</span> <span class='ocrx_word' id='word_1_64' title='bbox 624 599 700 624; x_wconf 90' lang='lat' dir='ltr'>non</span> <span class='ocrx_word' id='word_1_65' title='bbox 718 595 762 624; x_wconf 90' lang='lat' dir='ltr'>ut</span> <span class='ocrx_word' id='word_1_66' title='bbox 776 587 921 637; x_wconf 87' lang='lat' dir='ltr'>aliquid</span> <span class='ocrx_word' id='word_1_67' title='bbox 939 599 986 624; x_wconf 82' lang='lat' dir='ltr'>ex</span> <span class='ocrx_word' id='word_1_68' title='bbox 1004 586 1161 638; x_wconf 86' lang='lat' dir='ltr'>pristino</span> <span class='ocrx_word' id='word_1_69' title='bbox 1179 595 1279 626; x_wconf 87' lang='lat' dir='ltr'>statu</span> <span class='ocrx_word' id='word_1_70' title='bbox 1291 596 1420 627; x_wconf 88' lang='lat' dir='ltr'>nostro</span> 
     </span>
     <span class='ocr_line' id='line_1_10' title="bbox 315 640 1418 692; baseline 0.001 -13"><span class='ocrx_word' id='word_1_71' title='bbox 315 642 557 688; x_wconf 81' lang='lat' dir='ltr'>retineamus,</span> <span class='ocrx_word' id='word_1_72' title='bbox 585 640 649 678; x_wconf 87' lang='lat' dir='ltr'>sed</span> <span class='ocrx_word' id='word_1_73' title='bbox 677 648 722 678; x_wconf 88' lang='lat' dir='ltr'>ut</span> <span class='ocrx_word' id='word_1_74' title='bbox 751 653 868 691; x_wconf 88' lang='lat' dir='ltr'>quam</span> <span class='ocrx_word' id='word_1_75' title='bbox 900 640 1159 679; x_wconf 86' lang='lat' dir='ltr'>honestissime</span> <span class='ocrx_word' id='word_1_76' title='bbox 1189 641 1418 692; x_wconf 83' lang='lat' dir='ltr'>lugeamus;</span> 
     </span>
     <span class='ocr_line' id='line_1_11' title="bbox 316 693 1419 745; baseline 0.003 -13"><span class='ocrx_word' id='word_1_77' title='bbox 316 707 428 732; x_wconf 88' lang='lat' dir='ltr'>nemo</span> <span class='ocrx_word' id='word_1_78' title='bbox 441 703 495 732; x_wconf 91' lang='lat' dir='ltr'>est</span> <span class='ocrx_word' id='word_1_79' title='bbox 509 694 696 741; x_wconf 90' lang='lat' dir='ltr'>omnium,</span> <span class='ocrx_word' id='word_1_80' title='bbox 713 696 872 744; x_wconf 72' lang='lat' dir='ltr'>quicum</span> <span class='ocrx_word' id='word_1_81' title='bbox 882 693 1008 744; x_wconf 81' lang='lat' dir='ltr'>potius</span> <span class='ocrx_word' id='word_1_82' title='bbox 1021 694 1130 741; x_wconf 91' lang='lat' dir='ltr'>mihi,</span> <span class='ocrx_word' id='word_1_83' title='bbox 1147 707 1264 745; x_wconf 90' lang='lat' dir='ltr'>quam</span> <span class='ocrx_word' id='word_1_84' title='bbox 1277 702 1419 744; x_wconf 88' lang='lat' dir='ltr'>tecum,</span> 
     </span>
     <span class='ocr_line' id='line_1_12' title="bbox 316 747 1422 798; baseline 0.002 -12"><span class='ocrx_word' id='word_1_85' title='bbox 316 747 676 787; x_wconf 87' lang='lat' dir='ltr'>communicandum</span> <span class='ocrx_word' id='word_1_86' title='bbox 705 756 850 798; x_wconf 88' lang='lat' dir='ltr'>putem.</span> <span class='ocrx_word' id='word_1_87' title='bbox 880 747 965 785; x_wconf 89' lang='lat' dir='ltr'>Nec</span> <span class='ocrx_word' id='word_1_88' title='bbox 994 747 1096 785; x_wconf 88' lang='lat' dir='ltr'>enim</span> <span class='ocrx_word' id='word_1_89' title='bbox 1126 748 1422 788; x_wconf 88' lang='lat' dir='ltr'>clarissimorum</span> 
     </span>
     <span class='ocr_line' id='line_1_13' title="bbox 316 800 1420 854; baseline 0.001 -14"><span class='ocrx_word' id='word_1_90' title='bbox 316 803 498 848; x_wconf 85' lang='lat' dir='ltr'>virorum,</span> <span class='ocrx_word' id='word_1_91' title='bbox 531 813 694 852; x_wconf 88' lang='lat' dir='ltr'>quorum</span> <span class='ocrx_word' id='word_1_92' title='bbox 724 800 866 838; x_wconf 86' lang='lat' dir='ltr'>similes</span> <span class='ocrx_word' id='word_1_93' title='bbox 894 813 972 838; x_wconf 78' lang='lat' dir='ltr'>esse</span> <span class='ocrx_word' id='word_1_94' title='bbox 997 800 1191 848; x_wconf 88' lang='lat' dir='ltr'>debemus,</span> <span class='ocrx_word' id='word_1_95' title='bbox 1230 803 1420 854; x_wconf 86' lang='lat' dir='ltr'>exempla,</span> 
     </span>
     <span class='ocr_line' id='line_1_14' title="bbox 317 854 1423 916; baseline 0.001 -24"><span class='ocrx_word' id='word_1_96' title='bbox 317 867 440 906; x_wconf 84' lang='lat' dir='ltr'>neque</span> <span class='ocrx_word' id='word_1_97' title='bbox 455 854 770 914; x_wconf 86' lang='lat' dir='ltr'>doctissimorum,</span> <span class='ocrx_word' id='word_1_98' title='bbox 784 867 879 905; x_wconf 91' lang='lat' dir='ltr'>quos</span> <span class='ocrx_word' id='word_1_99' title='bbox 891 867 1036 905; x_wconf 88' lang='lat' dir='ltr'>semper</span> <span class='ocrx_word' id='word_1_100' title='bbox 1047 854 1210 901; x_wconf 83' lang='lat' dir='ltr'>coluisti,</span> <span class='ocrx_word' id='word_1_101' title='bbox 1222 864 1423 916; x_wconf 70' lang='lat' dir='ltr'>praeoepm,</span> 
     </span>
     <span class='ocr_line' id='line_1_15' title="bbox 317 907 1424 968; baseline 0.001 -21"><span class='ocrx_word' id='word_1_102' title='bbox 317 917 355 947; x_wconf 92' lang='lat' dir='ltr'>te</span> <span class='ocrx_word' id='word_1_103' title='bbox 379 909 544 968; x_wconf 80' lang='lat' dir='ltr'>fugiunt.</span> <span class='ocrx_word' id='word_1_104' title='bbox 573 908 707 958; x_wconf 88' lang='lat' dir='ltr'>Atque</span> <span class='ocrx_word' id='word_1_105' title='bbox 733 907 815 967; x_wconf 83' lang='lat' dir='ltr'>ipse</span> <span class='ocrx_word' id='word_1_106' title='bbox 836 916 947 945; x_wconf 89' lang='lat' dir='ltr'>antea</span> <span class='ocrx_word' id='word_1_107' title='bbox 975 908 1024 946; x_wconf 82' lang='lat' dir='ltr'>ad</span> <span class='ocrx_word' id='word_1_108' title='bbox 1048 914 1084 946; x_wconf 92' lang='lat' dir='ltr'>te</span> <span class='ocrx_word' id='word_1_109' title='bbox 1109 908 1352 960; x_wconf 82' lang='lat' dir='ltr'>scripsissem,</span> <span class='ocrx_word' id='word_1_110' title='bbox 1385 917 1424 948; x_wconf 75' lang='lat' dir='ltr'>te</span> 
     </span>
     <span class='ocr_line' id='line_1_16' title="bbox 318 961 1424 1012; baseline 0 -11"><span class='ocrx_word' id='word_1_111' title='bbox 318 963 397 1001; x_wconf 80' lang='lat' dir='ltr'>frus</span> <span class='ocrx_word' id='word_1_112' title='bbox 383 970 457 999; x_wconf 85' lang='grc'>5113</span> <span class='ocrx_word' id='word_1_113' title='bbox 475 962 514 998; x_wconf 87' lang='grc'>111</span> <span class='ocrx_word' id='word_1_114' title='bbox 535 969 722 1009; x_wconf 88' lang='lat' dir='ltr'>senatum,</span> <span class='ocrx_word' id='word_1_115' title='bbox 742 961 820 999; x_wconf 74' lang='grc'>5118</span> <span class='ocrx_word' id='word_1_116' title='bbox 838 961 963 1012; x_wconf 90' lang='lat' dir='ltr'>potius</span> <span class='ocrx_word' id='word_1_117' title='bbox 974 961 1014 998; x_wconf 90' lang='lat' dir='ltr'>in</span> <span class='ocrx_word' id='word_1_118' title='bbox 1029 969 1256 1000; x_wconf 90' lang='lat' dir='ltr'>conventum</span> <span class='ocrx_word' id='word_1_119' title='bbox 1274 970 1424 1001; x_wconf 83' lang='lat' dir='ltr'>senato-</span> 
     </span>
     <span class='ocr_line' id='line_1_17' title="bbox 318 1014 1424 1076; baseline 0.001 -22"><span class='ocrx_word' id='word_1_120' title='bbox 318 1029 420 1061; x_wconf 90' lang='lat' dir='ltr'>rum,</span> <span class='ocrx_word' id='word_1_121' title='bbox 445 1028 522 1053; x_wconf 87' lang='lat' dir='ltr'>esse</span> <span class='ocrx_word' id='word_1_122' title='bbox 547 1022 778 1075; x_wconf 40' lang='lat' dir='ltr'>venturum,</span> <span class='ocrx_word' id='word_1_123' title='bbox 792 1014 832 1051; x_wconf 89' lang='lat' dir='ltr'>ni</span> <span class='ocrx_word' id='word_1_124' title='bbox 851 1014 992 1053; x_wconf 89' lang='lat' dir='ltr'>veritus</span> <span class='ocrx_word' id='word_1_125' title='bbox 1015 1027 1148 1076; x_wconf 84' lang='lat' dir='ltr'>essem,</span> <span class='ocrx_word' id='word_1_126' title='bbox 1168 1027 1216 1054; x_wconf 93' lang='lat' dir='ltr'>ne</span> <span class='ocrx_word' id='word_1_127' title='bbox 1239 1017 1323 1065; x_wconf 85' lang='lat' dir='ltr'>ejus</span> <span class='ocrx_word' id='word_1_128' title='bbox 1341 1016 1424 1055; x_wconf 88' lang='lat' dir='ltr'>ani-</span> 
     </span>
     <span class='ocr_line' id='line_1_18' title="bbox 319 1068 1422 1120; baseline 0.003 -14"><span class='ocrx_word' id='word_1_129' title='bbox 319 1082 430 1107; x_wconf 89' lang='lat' dir='ltr'>mum</span> <span class='ocrx_word' id='word_1_130' title='bbox 449 1068 693 1116; x_wconf 87' lang='lat' dir='ltr'>offenderem,</span> <span class='ocrx_word' id='word_1_131' title='bbox 714 1068 782 1119; x_wconf 89' lang='lat' dir='ltr'>qui</span> <span class='ocrx_word' id='word_1_132' title='bbox 799 1081 823 1106; x_wconf 89' lang='grc'>3</span> <span class='ocrx_word' id='word_1_133' title='bbox 840 1081 916 1115; x_wconf 88' lang='grc'>1118,</span> <span class='ocrx_word' id='word_1_134' title='bbox 942 1076 985 1106; x_wconf 89' lang='grc'>111</span> <span class='ocrx_word' id='word_1_135' title='bbox 1002 1078 1040 1106; x_wconf 86' lang='lat' dir='ltr'>te</span> <span class='ocrx_word' id='word_1_136' title='bbox 1057 1068 1238 1115; x_wconf 84' lang='lat' dir='ltr'>imitarer,</span> <span class='ocrx_word' id='word_1_137' title='bbox 1258 1071 1422 1120; x_wconf 82' lang='lat' dir='ltr'>petebat.</span> 
     </span>
     <span class='ocr_line' id='line_1_19' title="bbox 321 1122 1423 1173; baseline 0.001 -12"><span class='ocrx_word' id='word_1_138' title='bbox 321 1123 397 1161; x_wconf 90' lang='lat' dir='ltr'>Cui</span> <span class='ocrx_word' id='word_1_139' title='bbox 431 1122 586 1173; x_wconf 87' lang='lat' dir='ltr'>quidem</span> <span class='ocrx_word' id='word_1_140' title='bbox 619 1134 701 1172; x_wconf 81' lang='lat' dir='ltr'>ego,</span> <span class='ocrx_word' id='word_1_141' title='bbox 733 1134 795 1160; x_wconf 90' lang='lat' dir='ltr'>me</span> <span class='ocrx_word' id='word_1_142' title='bbox 824 1134 914 1160; x_wconf 89' lang='lat' dir='ltr'>cum</span> <span class='ocrx_word' id='word_1_143' title='bbox 942 1129 1088 1173; x_wconf 87' lang='lat' dir='ltr'>rogaret</span> <span class='ocrx_word' id='word_1_144' title='bbox 1112 1130 1157 1160; x_wconf 86' lang='lat' dir='ltr'>ut</span> <span class='ocrx_word' id='word_1_145' title='bbox 1185 1122 1354 1161; x_wconf 83' lang='lat' dir='ltr'>adessem</span> <span class='ocrx_word' id='word_1_146' title='bbox 1382 1124 1423 1162; x_wconf 91' lang='lat' dir='ltr'>in</span> 
     </span>
     <span class='ocr_line' id='line_1_20' title="bbox 319 1175 1425 1237; baseline 0.001 -23"><span class='ocrx_word' id='word_1_147' title='bbox 319 1183 465 1237; x_wconf 77' lang='lat' dir='ltr'>senatu,</span> <span class='ocrx_word' id='word_1_148' title='bbox 486 1176 617 1213; x_wconf 87' lang='lat' dir='ltr'>eadem</span> <span class='ocrx_word' id='word_1_149' title='bbox 636 1176 776 1221; x_wconf 81' lang='lat' dir='ltr'>omnia,</span> <span class='ocrx_word' id='word_1_150' title='bbox 797 1188 884 1226; x_wconf 87' lang='lat' dir='ltr'>quae</span> <span class='ocrx_word' id='word_1_151' title='bbox 895 1188 918 1212; x_wconf 90' lang='lat' dir='ltr'>a</span> <span class='ocrx_word' id='word_1_152' title='bbox 934 1182 971 1213; x_wconf 92' lang='lat' dir='ltr'>te</span> <span class='ocrx_word' id='word_1_153' title='bbox 989 1175 1036 1213; x_wconf 90' lang='lat' dir='ltr'>de</span> <span class='ocrx_word' id='word_1_154' title='bbox 1053 1188 1145 1226; x_wconf 87' lang='lat' dir='ltr'>pace</span> <span class='ocrx_word' id='word_1_155' title='bbox 1163 1184 1200 1214; x_wconf 92' lang='lat' dir='ltr'>et</span> <span class='ocrx_word' id='word_1_156' title='bbox 1216 1175 1264 1214; x_wconf 88' lang='lat' dir='ltr'>de</span> <span class='ocrx_word' id='word_1_157' title='bbox 1282 1176 1425 1229; x_wconf 68' lang='lat' dir='ltr'>Hispa.-</span> 
     </span>
     <span class='ocr_line' id='line_1_21' title="bbox 319 1228 1192 1275; baseline -0.001 -8"><span class='ocrx_word' id='word_1_158' title='bbox 319 1230 392 1267; x_wconf 82' lang='lat' dir='ltr'>niis</span> <span class='ocrx_word' id='word_1_159' title='bbox 411 1229 511 1267; x_wconf 82' lang='lat' dir='ltr'>dicta</span> <span class='ocrx_word' id='word_1_160' title='bbox 528 1236 629 1275; x_wconf 85' lang='lat' dir='ltr'>sunt,</span> <span class='ocrx_word' id='word_1_161' title='bbox 650 1228 795 1266; x_wconf 78' lang='lat' dir='ltr'>ostendi</span> <span class='ocrx_word' id='word_1_162' title='bbox 813 1240 875 1266; x_wconf 91' lang='lat' dir='ltr'>me</span> <span class='ocrx_word' id='word_1_163' title='bbox 894 1241 971 1266; x_wconf 87' lang='lat' dir='ltr'>esse</span> <span class='ocrx_word' id='word_1_164' title='bbox 989 1228 1192 1266; x_wconf 84' lang='lat' dir='ltr'>dicturum.</span> 
     </span>
    </p>

    <p class='ocr_par' dir='ltr' id='par_1_4' title="bbox 318 1281 1432 2187">
     <span class='ocr_line' id='line_1_22' title="bbox 375 1281 1426 1343; baseline 0.003 -23"><span class='ocrx_word' id='word_1_165' title='bbox 375 1283 468 1343; x_wconf 72' lang='lat' dir='ltr'>Res,</span> <span class='ocrx_word' id='word_1_166' title='bbox 499 1282 616 1328; x_wconf 81' lang='lat' dir='ltr'>vides,</span> <span class='ocrx_word' id='word_1_167' title='bbox 638 1294 715 1332; x_wconf 89' lang='lat' dir='ltr'>quo</span> <span class='ocrx_word' id='word_1_168' title='bbox 733 1281 847 1319; x_wconf 87' lang='lat' dir='ltr'>modo</span> <span class='ocrx_word' id='word_1_169' title='bbox 877 1294 916 1320; x_wconf 85' lang='lat' dir='ltr'>se</span> <span class='ocrx_word' id='word_1_170' title='bbox 938 1282 1123 1320; x_wconf 87' lang='lat' dir='ltr'>habeant:</span> <span class='ocrx_word' id='word_1_171' title='bbox 1154 1284 1284 1321; x_wconf 87' lang='lat' dir='ltr'>orbem</span> <span class='ocrx_word' id='word_1_172' title='bbox 1308 1290 1426 1323; x_wconf 84' lang='lat' dir='ltr'>terra-</span> 
     </span>
     <span class='ocr_line' id='line_1_23' title="bbox 318 1335 1427 1386; baseline 0.002 -12"><span class='ocrx_word' id='word_1_173' title='bbox 318 1349 421 1381; x_wconf 84' lang='lat' dir='ltr'>rum,</span> <span class='ocrx_word' id='word_1_174' title='bbox 441 1335 608 1386; x_wconf 87' lang='lat' dir='ltr'>imperiis</span> <span class='ocrx_word' id='word_1_175' title='bbox 631 1335 853 1382; x_wconf 81' lang='lat' dir='ltr'>distributis,</span> <span class='ocrx_word' id='word_1_176' title='bbox 881 1335 1009 1373; x_wconf 88' lang='lat' dir='ltr'>ardere</span> <span class='ocrx_word' id='word_1_177' title='bbox 1022 1335 1150 1381; x_wconf 72' lang='lat' dir='ltr'>bello,</span> <span class='ocrx_word' id='word_1_178' title='bbox 1179 1336 1327 1374; x_wconf 90' lang='lat' dir='ltr'>Urbem</span> <span class='ocrx_word' id='word_1_179' title='bbox 1346 1337 1427 1376; x_wconf 81' lang='lat' dir='ltr'>sine</span> 
     </span>
     <span class='ocr_line' id='line_1_24' title="bbox 318 1388 1426 1440; baseline 0.001 -12"><span class='ocrx_word' id='word_1_180' title='bbox 318 1389 481 1440; x_wconf 87' lang='lat' dir='ltr'>legibus,</span> <span class='ocrx_word' id='word_1_181' title='bbox 508 1389 586 1426; x_wconf 89' lang='lat' dir='ltr'>sine</span> <span class='ocrx_word' id='word_1_182' title='bbox 607 1388 774 1437; x_wconf 86' lang='lat' dir='ltr'>judiciis,</span> <span class='ocrx_word' id='word_1_183' title='bbox 802 1388 882 1426; x_wconf 89' lang='lat' dir='ltr'>sine</span> <span class='ocrx_word' id='word_1_184' title='bbox 906 1390 1005 1438; x_wconf 91' lang='lat' dir='ltr'>jure,</span> <span class='ocrx_word' id='word_1_185' title='bbox 1036 1389 1117 1426; x_wconf 91' lang='lat' dir='ltr'>sine</span> <span class='ocrx_word' id='word_1_186' title='bbox 1143 1389 1233 1438; x_wconf 91' lang='lat' dir='ltr'>fide,</span> <span class='ocrx_word' id='word_1_187' title='bbox 1255 1390 1426 1429; x_wconf 83' lang='lat' dir='ltr'>relictam</span> 
     </span>
     <span class='ocr_line' id='line_1_25' title="bbox 319 1441 1428 1494; baseline -0.002 -14"><span class='ocrx_word' id='word_1_188' title='bbox 319 1442 520 1494; x_wconf 87' lang='lat' dir='ltr'>direptioni</span> <span class='ocrx_word' id='word_1_189' title='bbox 549 1449 586 1479; x_wconf 90' lang='lat' dir='ltr'>et</span> <span class='ocrx_word' id='word_1_190' title='bbox 609 1441 800 1480; x_wconf 88' lang='lat' dir='ltr'>incendiis.</span> <span class='ocrx_word' id='word_1_191' title='bbox 832 1442 967 1493; x_wconf 87' lang='lat' dir='ltr'>Itaque</span> <span class='ocrx_word' id='word_1_192' title='bbox 995 1442 1091 1479; x_wconf 86' lang='lat' dir='ltr'>mihi</span> <span class='ocrx_word' id='word_1_193' title='bbox 1112 1443 1239 1481; x_wconf 87' lang='lat' dir='ltr'>venire</span> <span class='ocrx_word' id='word_1_194' title='bbox 1255 1442 1296 1480; x_wconf 85' lang='lat' dir='ltr'>in</span> <span class='ocrx_word' id='word_1_195' title='bbox 1318 1457 1428 1482; x_wconf 88' lang='lat' dir='ltr'>men-</span> 
     </span>
     <span class='ocr_line' id='line_1_26' title="bbox 321 1495 1427 1547; baseline 0.003 -13"><span class='ocrx_word' id='word_1_196' title='bbox 321 1505 398 1534; x_wconf 87' lang='lat' dir='ltr'>tem</span> <span class='ocrx_word' id='word_1_197' title='bbox 416 1496 514 1533; x_wconf 87' lang='lat' dir='ltr'>nihil</span> <span class='ocrx_word' id='word_1_198' title='bbox 531 1502 666 1546; x_wconf 89' lang='lat' dir='ltr'>potest,</span> <span class='ocrx_word' id='word_1_199' title='bbox 679 1507 755 1533; x_wconf 92' lang='lat' dir='ltr'>non</span> <span class='ocrx_word' id='word_1_200' title='bbox 769 1495 883 1533; x_wconf 90' lang='lat' dir='ltr'>modo</span> <span class='ocrx_word' id='word_1_201' title='bbox 898 1495 992 1546; x_wconf 91' lang='lat' dir='ltr'>quid</span> <span class='ocrx_word' id='word_1_202' title='bbox 1005 1508 1168 1547; x_wconf 88' lang='lat' dir='ltr'>sperem,</span> <span class='ocrx_word' id='word_1_203' title='bbox 1189 1496 1253 1535; x_wconf 90' lang='lat' dir='ltr'>sed</span> <span class='ocrx_word' id='word_1_204' title='bbox 1271 1497 1335 1535; x_wconf 85' lang='lat' dir='ltr'>vix</span> <span class='ocrx_word' id='word_1_205' title='bbox 1344 1498 1427 1547; x_wconf 90' lang='lat' dir='ltr'>jam</span> 
     </span>
     <span class='ocr_line' id='line_1_27' title="bbox 321 1548 1427 1602; baseline -0.002 -16"><span class='ocrx_word' id='word_1_206' title='bbox 321 1550 415 1600; x_wconf 87' lang='lat' dir='ltr'>quid</span> <span class='ocrx_word' id='word_1_207' title='bbox 445 1548 605 1586; x_wconf 87' lang='lat' dir='ltr'>audeam</span> <span class='ocrx_word' id='word_1_208' title='bbox 637 1556 776 1599; x_wconf 85' lang='lat' dir='ltr'>optare.</span> <span class='ocrx_word' id='word_1_209' title='bbox 806 1549 873 1587; x_wconf 88' lang='lat' dir='ltr'>Sin</span> <span class='ocrx_word' id='word_1_210' title='bbox 899 1557 1027 1587; x_wconf 90' lang='lat' dir='ltr'>autem</span> <span class='ocrx_word' id='word_1_211' title='bbox 1055 1549 1139 1595; x_wconf 84' lang='lat' dir='ltr'>tibi,</span> <span class='ocrx_word' id='word_1_212' title='bbox 1163 1549 1310 1588; x_wconf 90' lang='lat' dir='ltr'>homini</span> <span class='ocrx_word' id='word_1_213' title='bbox 1334 1564 1427 1602; x_wconf 90' lang='lat' dir='ltr'>pru..</span> 
     </span>
     <span class='ocr_line' id='line_1_28' title="bbox 320 1602 1428 1655; baseline 0.003 -15"><span class='ocrx_word' id='word_1_214' title='bbox 320 1603 553 1649; x_wconf 88' lang='lat' dir='ltr'>dentissimo,</span> <span class='ocrx_word' id='word_1_215' title='bbox 585 1602 731 1639; x_wconf 85' lang='lat' dir='ltr'>videtur</span> <span class='ocrx_word' id='word_1_216' title='bbox 749 1602 843 1640; x_wconf 89' lang='lat' dir='ltr'>utile</span> <span class='ocrx_word' id='word_1_217' title='bbox 869 1615 959 1649; x_wconf 91' lang='lat' dir='ltr'>esse,</span> <span class='ocrx_word' id='word_1_218' title='bbox 983 1615 1051 1640; x_wconf 89' lang='lat' dir='ltr'>nos</span> <span class='ocrx_word' id='word_1_219' title='bbox 1070 1603 1260 1654; x_wconf 69' lang='lat' dir='ltr'>colloqu13</span> <span class='ocrx_word' id='word_1_220' title='bbox 1291 1617 1428 1655; x_wconf 90' lang='lat' dir='ltr'>quam-</span> 
     </span>
     <span class='ocr_line' id='line_1_29' title="bbox 321 1655 1425 1718; baseline 0.004 -25"><span class='ocrx_word' id='word_1_221' title='bbox 321 1669 439 1718; x_wconf 75' lang='lat' dir='ltr'>quam</span> <span class='ocrx_word' id='word_1_222' title='bbox 468 1655 619 1705; x_wconf 85' lang='lat' dir='ltr'>longius</span> <span class='ocrx_word' id='word_1_223' title='bbox 641 1656 755 1694; x_wconf 88' lang='lat' dir='ltr'>etiam</span> <span class='ocrx_word' id='word_1_224' title='bbox 779 1656 991 1706; x_wconf 85' lang='lat' dir='ltr'>cogitabam</span> <span class='ocrx_word' id='word_1_225' title='bbox 1019 1658 1067 1694; x_wconf 92' lang='lat' dir='ltr'>ab</span> <span class='ocrx_word' id='word_1_226' title='bbox 1090 1656 1196 1694; x_wconf 92' lang='lat' dir='ltr'>Urbe</span> <span class='ocrx_word' id='word_1_227' title='bbox 1224 1657 1425 1708; x_wconf 79' lang='lat' dir='ltr'>discedere,</span> 
     </span>
     <span class='ocr_line' id='line_1_30' title="bbox 322 1709 1430 1762; baseline 0.002 -15"><span class='ocrx_word' id='word_1_228' title='bbox 322 1711 432 1758; x_wconf 90' lang='lat' dir='ltr'>cujus</span> <span class='ocrx_word' id='word_1_229' title='bbox 453 1710 534 1758; x_wconf 89' lang='lat' dir='ltr'>jam</span> <span class='ocrx_word' id='word_1_230' title='bbox 566 1709 680 1747; x_wconf 83' lang='lat' dir='ltr'>etiam</span> <span class='ocrx_word' id='word_1_231' title='bbox 703 1721 843 1747; x_wconf 91' lang='lat' dir='ltr'>nomen</span> <span class='ocrx_word' id='word_1_232' title='bbox 861 1709 1003 1747; x_wconf 88' lang='lat' dir='ltr'>invitus</span> <span class='ocrx_word' id='word_1_233' title='bbox 1027 1709 1165 1756; x_wconf 87' lang='lat' dir='ltr'>audio;</span> <span class='ocrx_word' id='word_1_234' title='bbox 1194 1716 1322 1749; x_wconf 87' lang='lat' dir='ltr'>tamen</span> <span class='ocrx_word' id='word_1_235' title='bbox 1340 1724 1430 1762; x_wconf 88' lang='lat' dir='ltr'>pro-</span> 
     </span>
     <span class='ocr_line' id='line_1_31' title="bbox 323 1762 1432 1816; baseline 0.003 -16"><span class='ocrx_word' id='word_1_236' title='bbox 323 1763 411 1815; x_wconf 87' lang='lat' dir='ltr'>pius</span> <span class='ocrx_word' id='word_1_237' title='bbox 430 1762 629 1800; x_wconf 84' lang='lat' dir='ltr'>accedam.</span> <span class='ocrx_word' id='word_1_238' title='bbox 659 1763 916 1814; x_wconf 90' lang='lat' dir='ltr'>Trebatioque</span> <span class='ocrx_word' id='word_1_239' title='bbox 933 1763 1126 1810; x_wconf 87' lang='lat' dir='ltr'>mandavi,</span> <span class='ocrx_word' id='word_1_240' title='bbox 1146 1770 1205 1811; x_wconf 90' lang='lat' dir='ltr'>ut,</span> <span class='ocrx_word' id='word_1_241' title='bbox 1226 1764 1257 1802; x_wconf 89' lang='lat' dir='ltr'>si</span> <span class='ocrx_word' id='word_1_242' title='bbox 1275 1763 1370 1816; x_wconf 90' lang='lat' dir='ltr'>quid</span> <span class='ocrx_word' id='word_1_243' title='bbox 1388 1771 1432 1803; x_wconf 87' lang='lat' dir='ltr'>tu</span> 
     </span>
     <span class='ocr_line' id='line_1_32' title="bbox 322 1815 1428 1869; baseline 0.001 -14"><span class='ocrx_word' id='word_1_244' title='bbox 322 1829 413 1855; x_wconf 87' lang='lat' dir='ltr'>eum</span> <span class='ocrx_word' id='word_1_245' title='bbox 444 1816 559 1853; x_wconf 88' lang='lat' dir='ltr'>veUes</span> <span class='ocrx_word' id='word_1_246' title='bbox 588 1815 637 1853; x_wconf 86' lang='lat' dir='ltr'>ad</span> <span class='ocrx_word' id='word_1_247' title='bbox 661 1828 723 1854; x_wconf 90' lang='lat' dir='ltr'>me</span> <span class='ocrx_word' id='word_1_248' title='bbox 745 1816 908 1864; x_wconf 88' lang='lat' dir='ltr'>mittere,</span> <span class='ocrx_word' id='word_1_249' title='bbox 933 1829 982 1854; x_wconf 92' lang='lat' dir='ltr'>ne</span> <span class='ocrx_word' id='word_1_250' title='bbox 1003 1824 1214 1854; x_wconf 85' lang='lat' dir='ltr'>recusaret·</span> <span class='ocrx_word' id='word_1_251' title='bbox 1243 1817 1359 1869; x_wconf 88' lang='lat' dir='ltr'>idque</span> <span class='ocrx_word' id='word_1_252' title='bbox 1386 1824 1428 1856; x_wconf 88' lang='lat' dir='ltr'>ut</span> 
     </span>
     <span class='ocr_line' id='line_1_33' title="bbox 322 1868 1427 1920; baseline 0.002 -13"><span class='ocrx_word' id='word_1_253' title='bbox 322 1869 452 1916; x_wconf 83' lang='lat' dir='ltr'>facias,</span> <span class='ocrx_word' id='word_1_254' title='bbox 472 1868 614 1906; x_wconf 82' lang='lat' dir='ltr'>velim:</span> <span class='ocrx_word' id='word_1_255' title='bbox 644 1876 724 1916; x_wconf 89' lang='lat' dir='ltr'>aut,</span> <span class='ocrx_word' id='word_1_256' title='bbox 744 1870 776 1907; x_wconf 91' lang='lat' dir='ltr'>si</span> <span class='ocrx_word' id='word_1_257' title='bbox 795 1882 909 1920; x_wconf 91' lang='lat' dir='ltr'>quem</span> <span class='ocrx_word' id='word_1_258' title='bbox 937 1877 1090 1907; x_wconf 90' lang='lat' dir='ltr'>tuorum</span> <span class='ocrx_word' id='word_1_259' title='bbox 1109 1870 1280 1908; x_wconf 88' lang='lat' dir='ltr'>fidelium</span> <span class='ocrx_word' id='word_1_260' title='bbox 1309 1871 1427 1920; x_wconf 81' lang='lat' dir='ltr'>voles,</span> 
     </span>
     <span class='ocr_line' id='line_1_34' title="bbox 324 1922 1428 1974; baseline 0.003 -14"><span class='ocrx_word' id='word_1_261' title='bbox 324 1922 374 1960; x_wconf 84' lang='lat' dir='ltr'>ad</span> <span class='ocrx_word' id='word_1_262' title='bbox 391 1935 454 1959; x_wconf 91' lang='lat' dir='ltr'>me</span> <span class='ocrx_word' id='word_1_263' title='bbox 467 1922 622 1960; x_wconf 75' lang='lat' dir='ltr'>mittasz</span> <span class='ocrx_word' id='word_1_264' title='bbox 652 1935 700 1960; x_wconf 90' lang='lat' dir='ltr'>ne</span> <span class='ocrx_word' id='word_1_265' title='bbox 718 1930 784 1960; x_wconf 88' lang='lat' dir='ltr'>aut</span> <span class='ocrx_word' id='word_1_266' title='bbox 801 1923 872 1960; x_wconf 90' lang='lat' dir='ltr'>tibi</span> <span class='ocrx_word' id='word_1_267' title='bbox 890 1923 992 1961; x_wconf 87' lang='lat' dir='ltr'>exire</span> <span class='ocrx_word' id='word_1_268' title='bbox 1010 1936 1056 1961; x_wconf 79' lang='lat' dir='ltr'>ex</span> <span class='ocrx_word' id='word_1_269' title='bbox 1075 1923 1182 1962; x_wconf 81' lang='lat' dir='ltr'>Urbe</span> <span class='ocrx_word' id='word_1_270' title='bbox 1198 1935 1346 1962; x_wconf 65' lang='lat' dir='ltr'>necesse</span> <span class='ocrx_word' id='word_1_271' title='bbox 1363 1924 1428 1974; x_wconf 88' lang='lat' dir='ltr'>sit,</span> 
     </span>
     <span class='ocr_line' id='line_1_35' title="bbox 323 1974 1430 2029; baseline 0.002 -15"><span class='ocrx_word' id='word_1_272' title='bbox 323 1983 393 2014; x_wconf 81' lang='lat' dir='ltr'>aut</span> <span class='ocrx_word' id='word_1_273' title='bbox 420 1974 517 2012; x_wconf 90' lang='lat' dir='ltr'>mihi</span> <span class='ocrx_word' id='word_1_274' title='bbox 548 1975 730 2014; x_wconf 83' lang='lat' dir='ltr'>accedere.</span> <span class='ocrx_word' id='word_1_275' title='bbox 758 1976 846 2027; x_wconf 88' lang='lat' dir='ltr'>Ego</span> <span class='ocrx_word' id='word_1_276' title='bbox 874 1983 1024 2014; x_wconf 85' lang='lat' dir='ltr'>tantum</span> <span class='ocrx_word' id='word_1_277' title='bbox 1050 1976 1121 2014; x_wconf 85' lang='lat' dir='ltr'>tibi</span> <span class='ocrx_word' id='word_1_278' title='bbox 1144 1977 1283 2025; x_wconf 86' lang='lat' dir='ltr'>tribuo,</span> <span class='ocrx_word' id='word_1_279' title='bbox 1307 1989 1430 2029; x_wconf 85' lang='lat' dir='ltr'>quan-</span> 
     </span>
     <span class='ocr_line' id='line_1_36' title="bbox 323 2028 1428 2090; baseline 0.003 -24"><span class='ocrx_word' id='word_1_280' title='bbox 323 2037 410 2067; x_wconf 87' lang='lat' dir='ltr'>tum</span> <span class='ocrx_word' id='word_1_281' title='bbox 437 2028 534 2066; x_wconf 85' lang='lat' dir='ltr'>mihi</span> <span class='ocrx_word' id='word_1_282' title='bbox 565 2029 719 2068; x_wconf 81' lang='lat' dir='ltr'>fortasse</span> <span class='ocrx_word' id='word_1_283' title='bbox 746 2042 893 2090; x_wconf 86' lang='lat' dir='ltr'>arrogo,</span> <span class='ocrx_word' id='word_1_284' title='bbox 915 2036 959 2068; x_wconf 89' lang='lat' dir='ltr'>ut</span> <span class='ocrx_word' id='word_1_285' title='bbox 984 2030 1222 2081; x_wconf 87' lang='lat' dir='ltr'>exploratum</span> <span class='ocrx_word' id='word_1_286' title='bbox 1250 2031 1428 2079; x_wconf 63' lang='lat' dir='ltr'>habeam,</span> 
     </span>
     <span class='ocr_line' id='line_1_37' title="bbox 326 2058 1430 2134; baseline 0.003 -14"><span class='ocrx_word' id='word_1_287' title='bbox 326 2081 515 2134; x_wconf 88' lang='lat' dir='ltr'>quidquid</span> <span class='ocrx_word' id='word_1_288' title='bbox 542 2094 611 2121; x_wconf 81' lang='lat' dir='ltr'>nos</span> <span class='ocrx_word' id='word_1_289' title='bbox 630 2082 678 2120; x_wconf 92' lang='lat' dir='ltr'>de</span> <span class='ocrx_word' id='word_1_290' title='bbox 702 2083 896 2124; x_wconf 88' lang='lat' dir='ltr'>communi</span> <span class='ocrx_word' id='word_1_291' title='bbox 913 2083 1098 2122; x_wconf 80' lang='lat' dir='ltr'>sententia</span> <span class='ocrx_word' id='word_1_292' title='bbox 1115 2084 1369 2134; x_wconf 78' lang='lat' dir='ltr'>statuerimus,</span> <span class='ocrx_word' id='word_1_293' title='bbox 1388 2058 1430 2123; x_wconf 82' lang='lat' dir='ltr'>id</span> 
     </span>
     <span class='ocr_line' id='line_1_38' title="bbox 325 2129 1032 2187; baseline 0.003 -13"><span class='ocrx_word' id='word_1_294' title='bbox 325 2146 459 2174; x_wconf 69' lang='lat' dir='ltr'>mnnae</span> <span class='ocrx_word' id='word_1_295' title='bbox 476 2134 648 2174; x_wconf 76' lang='lat' dir='ltr'>homines</span> <span class='ocrx_word' id='word_1_296' title='bbox 661 2138 895 2187; x_wconf 68' lang='lat' dir='ltr'>probaturos.</span> <span class='ocrx_word' id='word_1_297' title='bbox 922 2129 1032 2175; x_wconf 63' lang='lat' dir='ltr'>Vale.</span> 
     </span>
    </p>
   </div>
  </div>
 </body>
</html>
