1501 2407
252 118 329 163 170
437 117 520 158 AD
550 116 845 158 DIVERSOS.
875 117 975 156 LIB.
1006 117 1082 157 VI.
1116 119 1176 156 12.

244 225 327 265 'lius
344 224 441 264 mihi
458 224 572 276 plane
585 225 775 265 satisfecit.
804 225 949 265 Valent
966 233 1096 265 tamen
1113 225 1220 278 apud
1237 224 1365 265 caesa-

251 293 333 318 rem
359 291 435 318 non
460 286 541 317 tam
567 281 776 319 ambitiosae
800 281 1024 331 rogationes,
1051 293 1170 332 quam
1194 292 1365 318 necessa-

252 334 342 372 riae:
373 346 468 385 quas
489 334 579 384 quia
598 335 754 373 Cimber
778 335 956 384 habebat,
983 335 1073 386 plus
1091 333 1224 383 valuit,
1245 345 1364 385 quam

251 401 320 439 pro
339 388 419 425 ullo
438 387 511 425 alio
531 389 653 426 valere
670 389 867 440 potuisset.

306 441 493 493 Diploma
522 443 650 480 statim
682 455 758 480 non
795 450 850 481 est
878 442 1040 487 datum;
1072 442 1176 494 quod
1205 440 1367 479 mirifica

253 502 309 533 est
327 494 548 547 improbitas
575 496 615 533 in
635 496 878 548 quibusdam,
899 496 966 548 qui
985 496 1160 534 tulissent
1178 495 1364 542 acerbius,

251 549 403 587 veniam
422 549 491 587 tibi
519 550 613 597 dari,
635 563 750 601 quem
775 550 832 587 illi
851 551 1046 602 appellant
1075 552 1103 572 “
1122 551 1257 588 tubam
1274 548 1367 587 belli

248 603 371 641 civilis
386 604 426 641 :’'
455 603 655 655 multaque
678 606 732 642 ita
760 604 904 652 dicunt,
937 604 1046 655 quasi
1073 616 1150 642 non
1176 603 1367 654 gaudeant

249 657 291 694 id
309 658 458 695 bellum
476 657 660 696 incidisse.
690 658 821 705 Quare
840 658 964 695 visum
979 664 1035 696 est
1049 657 1232 696 occultius
1249 668 1366 708 agen-

250 710 359 758 dum,
380 723 505 762 neque
523 712 603 750 ullo
621 712 737 749 modo
755 711 1047 763 divulgandum,
1068 711 1115 749 de
1133 719 1171 749 te
1185 712 1268 760 jam
1287 722 1367 748 esse

249 765 473 816 perfectum.
503 765 578 803 Sed
603 765 643 802 id
666 765 736 803 erit
757 765 954 816 perbrevi.
985 778 1055 804 nec
1082 765 1230 812 dubito,
1254 763 1364 816 quin,

247 819 400 868 legente
425 825 463 856 te
491 817 560 856 has
589 819 731 868 literas,
762 819 930 857 confecta
955 820 1039 869 jam
1067 832 1126 857 res
1147 819 1279 857 futura
1305 817 1367 856 sit.

251 872 378 910 Pansa
411 871 566 922 quidem
599 873 709 920 mihi,
743 873 868 923 gravis
899 872 1015 911 homo
1047 880 1085 911 et
1115 879 1252 919 certus,
1289 882 1368 910 non

249 926 374 963 solum
394 926 645 974 confirmavit,
669 939 804 965 verum
823 926 938 966 etiam
956 926 1110 978 recepit,
1130 925 1368 979 perceleriter

249 992 289 1017 se
307 980 527 1017 ablaturum
546 979 728 1031 diploma.

304 1033 410 1070 Mihi
439 1040 567 1071 tamen
586 1034 743 1085 placuit,
770 1034 852 1073 haec
874 1034 924 1073 ad
948 1041 985 1073 te
1008 1034 1200 1086 perscribi.
1228 1032 1366 1073 Minus

249 1087 352 1125 enim
371 1097 409 1125 te
429 1087 588 1125 firmum
613 1100 737 1126 sermo
766 1088 969 1140 Eppuleiae
993 1096 1084 1136 tuae,
1110 1089 1366 1140 lacrymaeque

246 1141 419 1193 Ampiae,
451 1141 705 1189 declarabant,
736 1155 855 1194 quam
886 1143 1100 1194 significant
1127 1149 1205 1180 tuae
1233 1141 1363 1180 literae.

247 1196 382 1246 Atque
411 1194 489 1233 illae
517 1196 811 1245 arbitrabantur,
835 1209 924 1235 cum
947 1211 970 1236 a
994 1204 1031 1235 te
1059 1198 1233 1235 abessent
1255 1195 1363 1247 ipsae,

246 1249 371 1286 multo
399 1248 441 1286 in
470 1249 641 1299 graviore
666 1257 703 1288 te
729 1251 820 1289 cura
848 1250 1037 1289 futurum.
1066 1250 1198 1298 Quare
1221 1262 1364 1301 magno

246 1315 359 1353 opere
383 1302 531 1353 putavi,
561 1303 712 1354 angoris
737 1311 775 1342 et
799 1304 937 1342 doloris
963 1305 1021 1342 tui
1047 1304 1199 1342 levandi
1233 1303 1361 1352 causa,

246 1368 317 1406 pro
336 1356 445 1394 certis
465 1356 513 1394 ad
532 1364 569 1394 te
588 1370 644 1404 ea,
666 1371 752 1408 quae
763 1365 885 1396 essent
899 1365 1012 1407 certa,
1028 1358 1209 1409 perscribi
1230 1356 1363 1407 [opor-

247 1411 359 1461 tere]
391 1409 485 1458 Scis,
505 1423 569 1447 me
588 1418 698 1449 antea
717 1411 770 1450 sic
795 1412 950 1450 solitum
969 1425 1047 1450 esse
1065 1412 1224 1450 scribere
1242 1411 1291 1449 ad
1308 1418 1362 1460 te,

245 1463 370 1514 magis
392 1470 436 1501 ut
461 1464 671 1503 consolarer
688 1465 826 1504 fortem
853 1466 979 1504 virum
998 1473 1114 1517 atque
1135 1465 1360 1517 sapientem,

246 1529 365 1568 quam
395 1524 439 1555 ut
471 1519 676 1569 exploratae
710 1532 817 1570 spem
846 1520 977 1558 salutis
1006 1519 1257 1566 ostenderem,
1287 1519 1364 1557 nisi

246 1584 365 1621 quam
396 1573 444 1609 ab
473 1571 556 1623 ipsa
587 1573 796 1623 republica,
828 1586 917 1612 cum
941 1573 1004 1612 1110
1032 1573 1143 1612 ardor
1162 1573 1363 1612 restinctus

246 1631 354 1673 esset,
376 1625 518 1676 sperari
536 1635 707 1677 oportere
727 1639 930 1666 censerem.

298 1679 514 1717 Recordare
546 1686 632 1718 tuas
654 1681 794 1729 literas,
827 1682 968 1733 quibus
995 1687 1033 1720 et
1060 1693 1249 1733 magnum
1280 1680 1364 1720 ani-

243 1744 356 1770 mum
373 1733 471 1771 mihi
493 1746 641 1785 semper
665 1735 876 1784 ostendisti,
896 1742 934 1774 et
958 1735 1007 1774 ad
1031 1748 1163 1775 omnes
1180 1747 1287 1775 casus
1305 1734 1363 1774 fe-

242 1786 378 1825 rendos
397 1794 631 1826 constantem
650 1801 694 1826 ac
711 1797 915 1840 paratum·
945 1788 1049 1841 quod
1063 1802 1134 1840 ego
1150 1802 1228 1828 non
1245 1802 1363 1827 mlta-

245 1840 329 1888 bar,
350 1853 439 1878 cum
457 1842 684 1890 recordarer,
705 1850 741 1880 te
767 1849 804 1881 et
826 1856 849 1881 a
866 1843 1001 1895 primis
1019 1844 1254 1895 temporibus
1272 1849 1363 1881 aeta·

245 1893 295 1931 tis
313 1893 354 1931 in
384 1907 425 1932 re
442 1895 598 1945 publica
618 1909 698 1934 esse
723 1904 928 1945 versatum,
956 1904 994 1936 et
1012 1904 1097 1935 tuos
1117 1897 1363 1949 magistratus

244 1946 287 1984 in
319 1947 404 1999 ipsa
431 1949 648 1988 discrimina
675 1950 850 1989 incidisse
881 1951 1013 1990 salutis
1046 1951 1365 2003 fortunarumque

247 2001 541 2042 communium·
572 2011 609 2041 et
631 2004 671 2041 in
693 2004 765 2043 hoc
792 2004 922 2056 ipsum
942 2006 1090 2044 bellum
1112 2018 1192 2044 esse
1219 2005 1365 2056 ingres-

245 2067 349 2104 sum,
368 2068 445 2094 non
466 2057 605 2106 solum,
635 2059 707 2107 uti,
727 2058 859 2107 victor,
880 2061 1041 2106 beatus3
1071 2059 1136 2097 sed
1155 2059 1283 2108 etiam,
1302 2064 1361 2108 ut,

246 2108 278 2146 si
295 2109 350 2147 ita
375 2109 582 2159 accidisset,
603 2087 738 2161 victiis,
769 2113 921 2175 sapiens
950 2126 1059 2152 esses.
1087 2112 1252 2162 Deinde,
1273 2124 1362 2151 cum
1392 2144 1395 2145 γ

246 2162 419 2204 studium
449 2171 576 2204 tuum-
585 2177 786 2207 consumas
812 2167 854 2208 in
882 2167 1052 2208 virorum
1075 2167 1246 2207 fortium
1254 2165 1363 2207 factis
