<?xml version="1.0" encoding="UTF-8"?>
<!DOCTYPE html PUBLIC "-//W3C//DTD XHTML 1.0 Transitional//EN"
    "http://www.w3.org/TR/xhtml1/DTD/xhtml1-transitional.dtd">
<html xmlns="http://www.w3.org/1999/xhtml" xml:lang="en" lang="en">
 <head>
  <title>
</title>
<meta http-equiv="Content-Type" content="text/html;charset=utf-8" />
  <meta name='ocr-system' content='tesseract 3.04.00' />
  <meta name='ocr-capabilities' content='ocr_page ocr_carea ocr_par ocr_line ocrx_word'/>
</head>
<body>
  <div class='ocr_page' id='page_1' title='image "./operaern09ciceuoft_0071.png"; bbox 0 0 1501 2407; ppageno 0'>
   <div class='ocr_carea' id='block_1_1' title="bbox 0 43 7 602">
    <p class='ocr_par' dir='ltr' id='par_1_1' title="bbox 0 43 7 602">
     <span class='ocr_line' id='line_1_1' title="bbox 0 43 7 602; baseline 0 0"><span class='ocrx_word' id='word_1_1' title='bbox 0 43 7 602; x_wconf 95' lang='lat' dir='ltr'> </span> 
     </span>
    </p>
   </div>
   <div class='ocr_carea' id='block_1_2' title="bbox 342 129 1251 171">
    <p class='ocr_par' dir='ltr' id='par_1_2' title="bbox 342 129 1251 171">
     <span class='ocr_line' id='line_1_2' title="bbox 342 129 1251 171; baseline 0.001 -1"><span class='ocrx_word' id='word_1_2' title='bbox 342 131 427 170; x_wconf 85' lang='lat' dir='ltr'>AD</span> <span class='ocrx_word' id='word_1_3' title='bbox 455 131 752 171; x_wconf 88' lang='lat' dir='ltr'><strong>DIVERSOS.</strong></span> <span class='ocrx_word' id='word_1_4' title='bbox 782 131 882 170; x_wconf 75' lang='lat' dir='ltr'>Lm.</span> <span class='ocrx_word' id='word_1_5' title='bbox 901 129 984 168; x_wconf 92' lang='grc' dir='ltr'><strong>ΙΙΙ.</strong></span> <span class='ocrx_word' id='word_1_6' title='bbox 1005 131 1042 167; x_wconf 81' lang='grc'>2.</span> <span class='ocrx_word' id='word_1_7' title='bbox 1200 129 1251 171; x_wconf 82' lang='grc'>57</span> 
     </span>
    </p>
   </div>
   <div class='ocr_carea' id='block_1_3' title="bbox 131 236 1265 1155">
    <p class='ocr_par' dir='ltr' id='par_1_3' title="bbox 131 236 1258 615">
     <span class='ocr_line' id='line_1_3' title="bbox 135 236 1255 291; baseline -0.004 -14"><span class='ocrx_word' id='word_1_8' title='bbox 135 239 253 287; x_wconf 85' lang='lat' dir='ltr'>Quod</span> <span class='ocrx_word' id='word_1_9' title='bbox 270 251 360 278; x_wconf 90' lang='lat' dir='ltr'>cum</span> <span class='ocrx_word' id='word_1_10' title='bbox 386 239 441 278; x_wconf 85' lang='lat' dir='ltr'>ita</span> <span class='ocrx_word' id='word_1_11' title='bbox 458 239 522 288; x_wconf 84' lang='lat' dir='ltr'>sit,</span> <span class='ocrx_word' id='word_1_12' title='bbox 547 239 741 291; x_wconf 89' lang='lat' dir='ltr'>perficiam</span> <span class='ocrx_word' id='word_1_13' title='bbox 768 239 950 291; x_wconf 86' lang='lat' dir='ltr'>profecto,</span> <span class='ocrx_word' id='word_1_14' title='bbox 971 244 1015 275; x_wconf 89' lang='lat' dir='ltr'>ut</span> <span class='ocrx_word' id='word_1_15' title='bbox 1033 236 1140 287; x_wconf 87' lang='lat' dir='ltr'>longi</span> <span class='ocrx_word' id='word_1_16' title='bbox 1158 243 1255 274; x_wconf 90' lang='lat' dir='ltr'>tem-</span> 
     </span>
     <span class='ocr_line' id='line_1_4' title="bbox 136 290 1255 345; baseline -0.005 -13"><span class='ocrx_word' id='word_1_17' title='bbox 136 293 238 344; x_wconf 88' lang='lat' dir='ltr'>poris</span> <span class='ocrx_word' id='word_1_18' title='bbox 255 305 428 342; x_wconf 85' lang='lat' dir='ltr'>usuram,</span> <span class='ocrx_word' id='word_1_19' title='bbox 448 294 527 345; x_wconf 62' lang='lat' dir='ltr'>qua</span> <span class='ocrx_word' id='word_1_20' title='bbox 546 294 753 340; x_wconf 77' lang='lat' dir='ltr'>caruimus,</span> <span class='ocrx_word' id='word_1_21' title='bbox 778 292 993 331; x_wconf 70' lang='lat' dir='ltr'>intermissa</span> <span class='ocrx_word' id='word_1_22' title='bbox 1018 290 1147 329; x_wconf 72' lang='lat' dir='ltr'>nostra</span> <span class='ocrx_word' id='word_1_23' title='bbox 1165 302 1255 327; x_wconf 90' lang='lat' dir='ltr'>con-</span> 
     </span>
     <span class='ocr_line' id='line_1_5' title="bbox 134 342 1254 398; baseline -0.004 -14"><span class='ocrx_word' id='word_1_24' title='bbox 134 347 335 386; x_wconf 86' lang='lat' dir='ltr'>suetudine</span> <span class='ocrx_word' id='word_1_25' title='bbox 353 354 392 385; x_wconf 86' lang='lat' dir='ltr'>et</span> <span class='ocrx_word' id='word_1_26' title='bbox 408 348 546 398; x_wconf 70' lang='lat' dir='ltr'>gratia,</span> <span class='ocrx_word' id='word_1_27' title='bbox 567 356 604 386; x_wconf 88' lang='lat' dir='ltr'>ct</span> <span class='ocrx_word' id='word_1_28' title='bbox 622 348 819 386; x_wconf 80' lang='lat' dir='ltr'>crebritate</span> <span class='ocrx_word' id='word_1_29' title='bbox 839 355 876 384; x_wconf 88' lang='lat' dir='ltr'>et</span> <span class='ocrx_word' id='word_1_30' title='bbox 893 344 1159 397; x_wconf 83' lang='lat' dir='ltr'>magnitudine</span> <span class='ocrx_word' id='word_1_31' title='bbox 1171 342 1254 381; x_wconf 89' lang='lat' dir='ltr'>offi-</span> 
     </span>
     <span class='ocr_line' id='line_1_6' title="bbox 131 397 1256 452; baseline -0.004 -14"><span class='ocrx_word' id='word_1_32' title='bbox 131 400 278 439; x_wconf 89' lang='lat' dir='ltr'>ciorum</span> <span class='ocrx_word' id='word_1_33' title='bbox 296 414 472 440; x_wconf 89' lang='lat' dir='ltr'>meorum</span> <span class='ocrx_word' id='word_1_34' title='bbox 491 402 650 440; x_wconf 85' lang='lat' dir='ltr'>sarciam</span> <span class='ocrx_word' id='word_1_35' title='bbox 667 416 677 439; x_wconf 91' lang='lat'><strong>:</strong></span> <span class='ocrx_word' id='word_1_36' title='bbox 706 401 823 452; x_wconf 87' lang='lat' dir='ltr'>idque</span> <span class='ocrx_word' id='word_1_37' title='bbox 841 414 905 438; x_wconf 90' lang='lat' dir='ltr'>me</span> <span class='ocrx_word' id='word_1_38' title='bbox 924 399 1125 451; x_wconf 83' lang='lat' dir='ltr'>(quoniam</span> <span class='ocrx_word' id='word_1_39' title='bbox 1144 406 1186 435; x_wconf 92' lang='lat' dir='ltr'>tu</span> <span class='ocrx_word' id='word_1_40' title='bbox 1201 397 1256 434; x_wconf 87' lang='lat' dir='ltr'>ita</span> 
     </span>
     <span class='ocr_line' id='line_1_7' title="bbox 134 454 1255 506; baseline -0.004 -14"><span class='ocrx_word' id='word_1_41' title='bbox 134 454 208 501; x_wconf 84' lang='lat' dir='ltr'>vis)</span> <span class='ocrx_word' id='word_1_42' title='bbox 227 463 322 506; x_wconf 89' lang='lat' dir='ltr'>puto</span> <span class='ocrx_word' id='word_1_43' title='bbox 347 467 426 494; x_wconf 89' lang='lat' dir='ltr'>non</span> <span class='ocrx_word' id='word_1_44' title='bbox 443 455 564 493; x_wconf 67' lang='lat' dir='ltr'>invita</span> <span class='ocrx_word' id='word_1_45' title='bbox 583 456 765 494; x_wconf 69' lang='lat' dir='ltr'>Minerva</span> <span class='ocrx_word' id='word_1_46' title='bbox 792 468 870 493; x_wconf 85' lang='lat' dir='ltr'>esse</span> <span class='ocrx_word' id='word_1_47' title='bbox 888 454 1106 492; x_wconf 84' lang='lat' dir='ltr'>facturum:</span> <span class='ocrx_word' id='word_1_48' title='bbox 1136 464 1255 503; x_wconf 87' lang='lat' dir='ltr'>quam</span> 
     </span>
     <span class='ocr_line' id='line_1_8' title="bbox 135 505 1258 560; baseline -0.003 -14"><span class='ocrx_word' id='word_1_49' title='bbox 135 508 292 560; x_wconf 87' lang='lat' dir='ltr'>quidem</span> <span class='ocrx_word' id='word_1_50' title='bbox 306 522 390 560; x_wconf 86' lang='lat' dir='ltr'>eg0,</span> <span class='ocrx_word' id='word_1_51' title='bbox 411 509 442 548; x_wconf 91' lang='lat' dir='ltr'>si</span> <span class='ocrx_word' id='word_1_52' title='bbox 459 509 556 548; x_wconf 89' lang='lat' dir='ltr'>forte</span> <span class='ocrx_word' id='word_1_53' title='bbox 575 510 622 548; x_wconf 91' lang='lat' dir='ltr'>de</span> <span class='ocrx_word' id='word_1_54' title='bbox 636 510 712 547; x_wconf 80' lang='lat' dir='ltr'>tuis</span> <span class='ocrx_word' id='word_1_55' title='bbox 726 521 909 554; x_wconf 81' lang='lat' dir='ltr'>sumsero,</span> <span class='ocrx_word' id='word_1_56' title='bbox 922 521 1001 546; x_wconf 89' lang='lat' dir='ltr'>non</span> <span class='ocrx_word' id='word_1_57' title='bbox 1021 507 1146 545; x_wconf 87' lang='lat' dir='ltr'>solum</span> <span class='ocrx_word' id='word_1_58' title='bbox 1167 505 1258 543; x_wconf 89' lang='lat' dir='ltr'>Pal-</span> 
     </span>
     <span class='ocr_line' id='line_1_9' title="bbox 136 562 903 615; baseline -0.001 -15"><span class='ocrx_word' id='word_1_59' title='bbox 136 562 238 610; x_wconf 84' lang='lat' dir='ltr'>lada,</span> <span class='ocrx_word' id='word_1_60' title='bbox 259 564 324 602; x_wconf 89' lang='lat' dir='ltr'>sed</span> <span class='ocrx_word' id='word_1_61' title='bbox 338 563 453 602; x_wconf 89' lang='lat' dir='ltr'>etiam</span> <span class='ocrx_word' id='word_1_62' title='bbox 472 564 668 615; x_wconf 86' lang='lat' dir='ltr'>Appiada,</span> <span class='ocrx_word' id='word_1_63' title='bbox 685 564 903 601; x_wconf 84' lang='lat' dir='ltr'>nominabo.</span> 
     </span>
    </p>

    <p class='ocr_par' dir='ltr' id='par_1_4' title="bbox 138 614 1265 1155">
     <span class='ocr_line' id='line_1_10' title="bbox 193 614 1257 665; baseline -0.006 -9"><span class='ocrx_word' id='word_1_64' title='bbox 193 617 312 665; x_wconf 81' lang='lat' dir='ltr'>Cilix,</span> <span class='ocrx_word' id='word_1_65' title='bbox 331 617 490 656; x_wconf 89' lang='lat' dir='ltr'>libertus</span> <span class='ocrx_word' id='word_1_66' title='bbox 509 625 613 665; x_wconf 87' lang='lat' dir='ltr'>tuus,</span> <span class='ocrx_word' id='word_1_67' title='bbox 635 627 746 656; x_wconf 85' lang='lat' dir='ltr'>antea</span> <span class='ocrx_word' id='word_1_68' title='bbox 763 617 861 654; x_wconf 86' lang='lat' dir='ltr'>mihi</span> <span class='ocrx_word' id='word_1_69' title='bbox 878 616 1008 654; x_wconf 85' lang='lat' dir='ltr'>minus</span> <span class='ocrx_word' id='word_1_70' title='bbox 1027 614 1101 653; x_wconf 86' lang='lat' dir='ltr'>fuit</span> <span class='ocrx_word' id='word_1_71' title='bbox 1119 620 1257 652; x_wconf 87' lang='lat' dir='ltr'>notus:</span> 
     </span>
     <span class='ocr_line' id='line_1_11' title="bbox 139 667 1260 722; baseline -0.004 -14"><span class='ocrx_word' id='word_1_72' title='bbox 139 670 218 718; x_wconf 86' lang='lat' dir='ltr'>sed,</span> <span class='ocrx_word' id='word_1_73' title='bbox 240 678 284 709; x_wconf 90' lang='lat' dir='ltr'>ut</span> <span class='ocrx_word' id='word_1_74' title='bbox 300 672 400 709; x_wconf 90' lang='lat' dir='ltr'>mihi</span> <span class='ocrx_word' id='word_1_75' title='bbox 417 671 581 710; x_wconf 88' lang='lat' dir='ltr'>reddidit</span> <span class='ocrx_word' id='word_1_76' title='bbox 599 685 622 709; x_wconf 90' lang='lat' dir='ltr'>a</span> <span class='ocrx_word' id='word_1_77' title='bbox 641 682 677 710; x_wconf 91' lang='lat' dir='ltr'>te</span> <span class='ocrx_word' id='word_1_78' title='bbox 696 672 837 718; x_wconf 82' lang='lat' dir='ltr'>literas,</span> <span class='ocrx_word' id='word_1_79' title='bbox 857 671 990 722; x_wconf 86' lang='lat' dir='ltr'>plenas</span> <span class='ocrx_word' id='word_1_80' title='bbox 1009 677 1045 707; x_wconf 89' lang='lat' dir='ltr'>et</span> <span class='ocrx_word' id='word_1_81' title='bbox 1064 667 1204 707; x_wconf 80' lang='lat' dir='ltr'>amoris</span> <span class='ocrx_word' id='word_1_82' title='bbox 1224 674 1260 705; x_wconf 91' lang='lat' dir='ltr'>et</span> 
     </span>
     <span class='ocr_line' id='line_1_12' title="bbox 138 721 1262 777; baseline -0.006 -12"><span class='ocrx_word' id='word_1_83' title='bbox 138 724 265 769; x_wconf 76' lang='lat' dir='ltr'>officii,</span> <span class='ocrx_word' id='word_1_84' title='bbox 290 726 449 764; x_wconf 87' lang='lat' dir='ltr'>mirifice</span> <span class='ocrx_word' id='word_1_85' title='bbox 476 726 558 777; x_wconf 90' lang='lat' dir='ltr'>ipse</span> <span class='ocrx_word' id='word_1_86' title='bbox 586 739 655 764; x_wconf 87' lang='lat' dir='ltr'>suo</span> <span class='ocrx_word' id='word_1_87' title='bbox 681 738 852 764; x_wconf 87' lang='lat' dir='ltr'>sermone</span> <span class='ocrx_word' id='word_1_88' title='bbox 872 726 1095 762; x_wconf 85' lang='lat' dir='ltr'>subsecutus</span> <span class='ocrx_word' id='word_1_89' title='bbox 1115 730 1169 760; x_wconf 88' lang='lat' dir='ltr'>est</span> <span class='ocrx_word' id='word_1_90' title='bbox 1188 721 1262 759; x_wconf 83' lang='lat' dir='ltr'>hu-</span> 
     </span>
     <span class='ocr_line' id='line_1_13' title="bbox 140 776 1261 824; baseline -0.002 -9"><span class='ocrx_word' id='word_1_91' title='bbox 140 779 364 818; x_wconf 84' lang='lat' dir='ltr'>manitatem</span> <span class='ocrx_word' id='word_1_92' title='bbox 395 780 592 818; x_wconf 82' lang='lat' dir='ltr'>literarum</span> <span class='ocrx_word' id='word_1_93' title='bbox 626 788 794 817; x_wconf 90' lang='lat' dir='ltr'>tuarum.</span> <span class='ocrx_word' id='word_1_94' title='bbox 842 780 870 817; x_wconf 84' lang='lat' dir='ltr'>J</span> <span class='ocrx_word' id='word_1_95' title='bbox 873 778 1027 816; x_wconf 88' lang='lat' dir='ltr'>ucunda</span> <span class='ocrx_word' id='word_1_96' title='bbox 1051 777 1149 814; x_wconf 87' lang='lat' dir='ltr'>mihi</span> <span class='ocrx_word' id='word_1_97' title='bbox 1179 776 1261 824; x_wconf 85' lang='lat' dir='ltr'>ejus</span> 
     </span>
     <span class='ocr_line' id='line_1_14' title="bbox 138 832 1263 881; baseline -0.003 -11"><span class='ocrx_word' id='word_1_98' title='bbox 138 833 259 871; x_wconf 86' lang='lat' dir='ltr'>oratio</span> <span class='ocrx_word' id='word_1_99' title='bbox 277 833 365 880; x_wconf 81' lang='lat' dir='ltr'>fuit,</span> <span class='ocrx_word' id='word_1_100' title='bbox 386 846 490 881; x_wconf 89' lang='lat' dir='ltr'>cum,</span> <span class='ocrx_word' id='word_1_101' title='bbox 511 834 560 872; x_wconf 90' lang='lat' dir='ltr'>de</span> <span class='ocrx_word' id='word_1_102' title='bbox 577 834 706 872; x_wconf 84' lang='lat' dir='ltr'>animo</span> <span class='ocrx_word' id='word_1_103' title='bbox 725 842 807 880; x_wconf 87' lang='lat' dir='ltr'>tuo,</span> <span class='ocrx_word' id='word_1_104' title='bbox 828 833 875 872; x_wconf 88' lang='lat' dir='ltr'>de</span> <span class='ocrx_word' id='word_1_105' title='bbox 894 832 1145 877; x_wconf 79' lang='lat' dir='ltr'>sermonibus,</span> <span class='ocrx_word' id='word_1_106' title='bbox 1167 842 1263 881; x_wconf 82' lang='lat' dir='ltr'>quos</span> 
     </span>
     <span class='ocr_line' id='line_1_15' title="bbox 140 885 1264 939; baseline -0.003 -15"><span class='ocrx_word' id='word_1_107' title='bbox 140 886 188 924; x_wconf 84' lang='lat' dir='ltr'>de</span> <span class='ocrx_word' id='word_1_108' title='bbox 213 899 276 925; x_wconf 90' lang='lat' dir='ltr'>me</span> <span class='ocrx_word' id='word_1_109' title='bbox 293 887 451 926; x_wconf 88' lang='lat' dir='ltr'>haberes</span> <span class='ocrx_word' id='word_1_110' title='bbox 469 888 653 939; x_wconf 87' lang='lat' dir='ltr'>quotidie,</span> <span class='ocrx_word' id='word_1_111' title='bbox 683 888 781 925; x_wconf 90' lang='lat' dir='ltr'>mihi</span> <span class='ocrx_word' id='word_1_112' title='bbox 808 894 988 925; x_wconf 85' lang='lat' dir='ltr'>narraret.</span> <span class='ocrx_word' id='word_1_113' title='bbox 1030 885 1139 933; x_wconf 84' lang='lat' dir='ltr'>Quid</span> <span class='ocrx_word' id='word_1_114' title='bbox 1157 898 1264 936; x_wconf 84' lang='lat' dir='ltr'>quae-</span> 
     </span>
     <span class='ocr_line' id='line_1_16' title="bbox 141 940 1265 986; baseline -0.004 -7"><span class='ocrx_word' id='word_1_115' title='bbox 141 941 192 978; x_wconf 88' lang='lat' dir='ltr'>ris</span> <span class='ocrx_word' id='word_1_116' title='bbox 207 943 224 979; x_wconf 84' lang='lat'>?</span> <span class='ocrx_word' id='word_1_117' title='bbox 253 941 383 980; x_wconf 90' lang='lat' dir='ltr'>Biduo</span> <span class='ocrx_word' id='word_1_118' title='bbox 401 942 524 980; x_wconf 89' lang='lat' dir='ltr'>factus</span> <span class='ocrx_word' id='word_1_119' title='bbox 544 950 600 980; x_wconf 89' lang='lat' dir='ltr'>est</span> <span class='ocrx_word' id='word_1_120' title='bbox 617 942 715 979; x_wconf 80' lang='lat' dir='ltr'>mihi</span> <span class='ocrx_word' id='word_1_121' title='bbox 728 940 952 986; x_wconf 74' lang='lat' dir='ltr'>familiaris3</span> <span class='ocrx_word' id='word_1_122' title='bbox 981 941 1036 978; x_wconf 87' lang='lat' dir='ltr'>ita</span> <span class='ocrx_word' id='word_1_123' title='bbox 1054 948 1198 986; x_wconf 85' lang='lat' dir='ltr'>tamen,</span> <span class='ocrx_word' id='word_1_124' title='bbox 1219 944 1265 975; x_wconf 85' lang='lat' dir='ltr'>ut</span> 
     </span>
     <span class='ocr_line' id='line_1_17' title="bbox 142 993 1264 1046; baseline -0.002 -14"><span class='ocrx_word' id='word_1_125' title='bbox 142 994 334 1033; x_wconf 83' lang='lat' dir='ltr'>Phaniam</span> <span class='ocrx_word' id='word_1_126' title='bbox 359 996 470 1035; x_wconf 86' lang='lat' dir='ltr'>valde</span> <span class='ocrx_word' id='word_1_127' title='bbox 495 997 569 1034; x_wconf 90' lang='lat' dir='ltr'>sim</span> <span class='ocrx_word' id='word_1_128' title='bbox 599 996 902 1034; x_wconf 82' lang='lat' dir='ltr'>desideraturus:</span> <span class='ocrx_word' id='word_1_129' title='bbox 933 1007 1051 1046; x_wconf 89' lang='lat' dir='ltr'>quem</span> <span class='ocrx_word' id='word_1_130' title='bbox 1073 1007 1163 1032; x_wconf 88' lang='lat' dir='ltr'>cum</span> <span class='ocrx_word' id='word_1_131' title='bbox 1182 993 1264 1030; x_wconf 86' lang='lat' dir='ltr'>Ro-</span> 
     </span>
     <span class='ocr_line' id='line_1_18' title="bbox 141 1047 1265 1101; baseline -0.001 -16"><span class='ocrx_word' id='word_1_132' title='bbox 141 1061 249 1086; x_wconf 88' lang='lat' dir='ltr'>mam</span> <span class='ocrx_word' id='word_1_133' title='bbox 273 1049 456 1096; x_wconf 77' lang='lat' dir='ltr'>remittes,</span> <span class='ocrx_word' id='word_1_134' title='bbox 486 1050 591 1101; x_wconf 91' lang='lat' dir='ltr'>quod</span> <span class='ocrx_word' id='word_1_135' title='bbox 621 1054 682 1093; x_wconf 91' lang='lat' dir='ltr'>(ut</span> <span class='ocrx_word' id='word_1_136' title='bbox 713 1051 965 1101; x_wconf 84' lang='lat' dir='ltr'>putabamus)</span> <span class='ocrx_word' id='word_1_137' title='bbox 996 1047 1165 1087; x_wconf 88' lang='lat' dir='ltr'>celeriter</span> <span class='ocrx_word' id='word_1_138' title='bbox 1184 1060 1265 1085; x_wconf 87' lang='lat' dir='ltr'>eras</span> 
     </span>
     <span class='ocr_line' id='line_1_19' title="bbox 142 1100 1264 1155; baseline -0.001 -15"><span class='ocrx_word' id='word_1_139' title='bbox 142 1102 326 1149; x_wconf 88' lang='lat' dir='ltr'>facturus,</span> <span class='ocrx_word' id='word_1_140' title='bbox 348 1105 529 1142; x_wconf 90' lang='lat' dir='ltr'>omnibus</span> <span class='ocrx_word' id='word_1_141' title='bbox 551 1104 586 1142; x_wconf 91' lang='lat' dir='ltr'>ei</span> <span class='ocrx_word' id='word_1_142' title='bbox 604 1104 651 1142; x_wconf 90' lang='lat' dir='ltr'>de</span> <span class='ocrx_word' id='word_1_143' title='bbox 669 1106 797 1152; x_wconf 79' lang='lat' dir='ltr'>rebus,</span> <span class='ocrx_word' id='word_1_144' title='bbox 811 1117 906 1155; x_wconf 87' lang='lat' dir='ltr'>quas</span> <span class='ocrx_word' id='word_1_145' title='bbox 919 1103 995 1154; x_wconf 84' lang='lat' dir='ltr'>agi,</span> <span class='ocrx_word' id='word_1_146' title='bbox 1010 1115 1106 1154; x_wconf 89' lang='lat' dir='ltr'>quas</span> <span class='ocrx_word' id='word_1_147' title='bbox 1125 1100 1264 1148; x_wconf 86' lang='lat' dir='ltr'>curari,</span> 
     </span>
    </p>
   </div>
   <div class='ocr_carea' id='block_1_4' title="bbox 143 1158 804 1205">
    <p class='ocr_par' dir='ltr' id='par_1_5' title="bbox 143 1158 804 1205">
     <span class='ocr_line' id='line_1_20' title="bbox 143 1158 804 1205; baseline 0.002 -11"><span class='ocrx_word' id='word_1_148' title='bbox 143 1169 166 1194; x_wconf 86' lang='lat' dir='ltr'>a</span> <span class='ocrx_word' id='word_1_149' title='bbox 183 1169 247 1195; x_wconf 89' lang='lat' dir='ltr'>me</span> <span class='ocrx_word' id='word_1_150' title='bbox 261 1158 376 1205; x_wconf 57' lang='lat' dir='ltr'>voles,</span> <span class='ocrx_word' id='word_1_151' title='bbox 396 1158 579 1196; x_wconf 87' lang='lat' dir='ltr'>mandata</span> <span class='ocrx_word' id='word_1_152' title='bbox 598 1158 663 1196; x_wconf 91' lang='lat' dir='ltr'>des</span> <span class='ocrx_word' id='word_1_153' title='bbox 676 1158 804 1196; x_wconf 84' lang='lat' dir='ltr'>velim.</span> 
     </span>
    </p>
   </div>
   <div class='ocr_carea' id='block_1_5' title="bbox 143 1211 1272 1534">
    <p class='ocr_par' dir='ltr' id='par_1_6' title="bbox 143 1211 1272 1534">
     <span class='ocr_line' id='line_1_21' title="bbox 196 1211 1268 1262; baseline -0.002 -12"><span class='ocrx_word' id='word_1_154' title='bbox 196 1211 246 1250; x_wconf 84' lang='lat' dir='ltr'>L.</span> <span class='ocrx_word' id='word_1_155' title='bbox 267 1212 484 1261; x_wconf 86' lang='lat' dir='ltr'>Valerium,</span> <span class='ocrx_word' id='word_1_156' title='bbox 502 1213 824 1262; x_wconf 85' lang='lat' dir='ltr'>jureconsultum,</span> <span class='ocrx_word' id='word_1_157' title='bbox 853 1211 964 1249; x_wconf 82' lang='lat' dir='ltr'>valde</span> <span class='ocrx_word' id='word_1_158' title='bbox 983 1211 1053 1248; x_wconf 84' lang='lat' dir='ltr'>tibi</span> <span class='ocrx_word' id='word_1_159' title='bbox 1072 1222 1268 1249; x_wconf 90' lang='lat' dir='ltr'>commen-</span> 
     </span>
     <span class='ocr_line' id='line_1_22' title="bbox 143 1264 1268 1315; baseline -0.001 -12"><span class='ocrx_word' id='word_1_160' title='bbox 143 1265 220 1311; x_wconf 86' lang='lat' dir='ltr'>do;</span> <span class='ocrx_word' id='word_1_161' title='bbox 250 1266 316 1304; x_wconf 88' lang='lat' dir='ltr'>sed</span> <span class='ocrx_word' id='word_1_162' title='bbox 332 1266 387 1305; x_wconf 85' lang='lat' dir='ltr'>ita</span> <span class='ocrx_word' id='word_1_163' title='bbox 405 1267 536 1315; x_wconf 84' lang='lat' dir='ltr'>etiam,</span> <span class='ocrx_word' id='word_1_164' title='bbox 558 1267 590 1305; x_wconf 89' lang='lat' dir='ltr'>si</span> <span class='ocrx_word' id='word_1_165' title='bbox 608 1279 686 1304; x_wconf 89' lang='lat' dir='ltr'>non</span> <span class='ocrx_word' id='word_1_166' title='bbox 705 1274 760 1305; x_wconf 85' lang='lat' dir='ltr'>est</span> <span class='ocrx_word' id='word_1_167' title='bbox 775 1267 864 1315; x_wconf 90' lang='lat' dir='ltr'>jure</span> <span class='ocrx_word' id='word_1_168' title='bbox 875 1266 1083 1303; x_wconf 86' lang='lat' dir='ltr'>consultus.</span> <span class='ocrx_word' id='word_1_169' title='bbox 1121 1264 1268 1302; x_wconf 87' lang='lat' dir='ltr'>Melius</span> 
     </span>
     <span class='ocr_line' id='line_1_23' title="bbox 146 1318 1272 1372; baseline -0.001 -15"><span class='ocrx_word' id='word_1_170' title='bbox 146 1318 251 1358; x_wconf 91' lang='lat' dir='ltr'>enim</span> <span class='ocrx_word' id='word_1_171' title='bbox 271 1320 306 1358; x_wconf 90' lang='lat' dir='ltr'>ei</span> <span class='ocrx_word' id='word_1_172' title='bbox 335 1334 465 1359; x_wconf 88' lang='lat' dir='ltr'>cavere</span> <span class='ocrx_word' id='word_1_173' title='bbox 494 1321 596 1369; x_wconf 84' lang='lat' dir='ltr'>volo,</span> <span class='ocrx_word' id='word_1_174' title='bbox 627 1333 746 1372; x_wconf 92' lang='lat' dir='ltr'>quam</span> <span class='ocrx_word' id='word_1_175' title='bbox 778 1320 860 1372; x_wconf 92' lang='lat' dir='ltr'>ipse</span> <span class='ocrx_word' id='word_1_176' title='bbox 886 1319 969 1358; x_wconf 88' lang='lat' dir='ltr'>aliis</span> <span class='ocrx_word' id='word_1_177' title='bbox 991 1319 1098 1357; x_wconf 84' lang='lat' dir='ltr'>solet.</span> <span class='ocrx_word' id='word_1_178' title='bbox 1141 1318 1272 1356; x_wconf 85' lang='lat' dir='ltr'>Valde</span> 
     </span>
     <span class='ocr_line' id='line_1_24' title="bbox 146 1372 1271 1426; baseline -0.002 -14"><span class='ocrx_word' id='word_1_179' title='bbox 146 1374 345 1413; x_wconf 90' lang='lat' dir='ltr'>hominem</span> <span class='ocrx_word' id='word_1_180' title='bbox 370 1375 513 1426; x_wconf 79' lang='lat' dir='ltr'>diligo:</span> <span class='ocrx_word' id='word_1_181' title='bbox 544 1383 600 1413; x_wconf 81' lang='lat' dir='ltr'>est</span> <span class='ocrx_word' id='word_1_182' title='bbox 619 1388 667 1413; x_wconf 81' lang='lat' dir='ltr'>ex</span> <span class='ocrx_word' id='word_1_183' title='bbox 686 1375 781 1412; x_wconf 89' lang='lat' dir='ltr'>meis</span> <span class='ocrx_word' id='word_1_184' title='bbox 802 1374 1016 1413; x_wconf 86' lang='lat' dir='ltr'>domesticis</span> <span class='ocrx_word' id='word_1_185' title='bbox 1044 1382 1160 1424; x_wconf 86' lang='lat' dir='ltr'>atque</span> <span class='ocrx_word' id='word_1_186' title='bbox 1179 1372 1271 1410; x_wconf 85' lang='lat' dir='ltr'>inti-</span> 
     </span>
     <span class='ocr_line' id='line_1_25' title="bbox 145 1427 1270 1480; baseline -0.002 -14"><span class='ocrx_word' id='word_1_187' title='bbox 145 1428 219 1466; x_wconf 88' lang='lat' dir='ltr'>mis</span> <span class='ocrx_word' id='word_1_188' title='bbox 229 1428 495 1468; x_wconf 83' lang='lat' dir='ltr'>familiaribus.</span> <span class='ocrx_word' id='word_1_189' title='bbox 525 1428 700 1467; x_wconf 79' lang='lat' dir='ltr'>Omnino</span> <span class='ocrx_word' id='word_1_190' title='bbox 713 1429 785 1467; x_wconf 87' lang='lat' dir='ltr'>tibi</span> <span class='ocrx_word' id='word_1_191' title='bbox 802 1429 882 1480; x_wconf 86' lang='lat' dir='ltr'>agit</span> <span class='ocrx_word' id='word_1_192' title='bbox 900 1428 1060 1479; x_wconf 83' lang='lat' dir='ltr'>gratias:</span> <span class='ocrx_word' id='word_1_193' title='bbox 1083 1427 1149 1465; x_wconf 89' lang='lat' dir='ltr'>sed</span> <span class='ocrx_word' id='word_1_194' title='bbox 1166 1427 1270 1465; x_wconf 90' lang='lat' dir='ltr'>idem</span> 
     </span>
     <span class='ocr_line' id='line_1_26' title="bbox 148 1481 1271 1534; baseline -0.002 -14"><span class='ocrx_word' id='word_1_195' title='bbox 148 1483 292 1531; x_wconf 87' lang='lat' dir='ltr'>scribit,</span> <span class='ocrx_word' id='word_1_196' title='bbox 310 1495 416 1521; x_wconf 88' lang='lat' dir='ltr'>meas</span> <span class='ocrx_word' id='word_1_197' title='bbox 444 1483 572 1522; x_wconf 86' lang='lat' dir='ltr'>literas</span> <span class='ocrx_word' id='word_1_198' title='bbox 597 1483 815 1521; x_wconf 74' lang='lat' dir='ltr'>maximum</span> <span class='ocrx_word' id='word_1_199' title='bbox 843 1482 948 1534; x_wconf 81' lang='lat' dir='ltr'>apud.</span> <span class='ocrx_word' id='word_1_200' title='bbox 968 1490 1006 1520; x_wconf 87' lang='lat' dir='ltr'>te</span> <span class='ocrx_word' id='word_1_201' title='bbox 1032 1481 1183 1533; x_wconf 83' lang='lat' dir='ltr'>pondus</span> <span class='ocrx_word' id='word_1_202' title='bbox 1201 1481 1271 1518; x_wconf 91' lang='lat' dir='ltr'>ha-</span> 
     </span>
    </p>
   </div>
   <div class='ocr_carea' id='block_1_6' title="bbox 148 1535 1270 1631">
    <p class='ocr_par' dir='ltr' id='par_1_7' title="bbox 148 1535 1270 1631">
     <span class='ocr_line' id='line_1_27' title="bbox 148 1535 1270 1631; baseline -0.003 -55"><span class='ocrx_word' id='word_1_203' title='bbox 148 1536 307 1631; x_wconf 49' lang='grc' dir='ltr'>Ιῧὲιιῐαε.</span> <span class='ocrx_word' id='word_1_204' title='bbox 336 1537 386 1576; x_wconf 91' lang='lat' dir='ltr'>Id</span> <span class='ocrx_word' id='word_1_205' title='bbox 404 1550 494 1576; x_wconf 90' lang='lat' dir='ltr'>eum</span> <span class='ocrx_word' id='word_1_206' title='bbox 513 1550 562 1577; x_wconf 91' lang='lat' dir='ltr'>ne</span> <span class='ocrx_word' id='word_1_207' title='bbox 579 1537 704 1586; x_wconf 84' lang='lat' dir='ltr'>fallat,</span> <span class='ocrx_word' id='word_1_208' title='bbox 724 1545 762 1576; x_wconf 90' lang='lat' dir='ltr'>te</span> <span class='ocrx_word' id='word_1_209' title='bbox 781 1537 897 1576; x_wconf 86' lang='lat' dir='ltr'>etiam</span> <span class='ocrx_word' id='word_1_210' title='bbox 909 1544 1024 1588; x_wconf 85' lang='lat' dir='ltr'>atque</span> <span class='ocrx_word' id='word_1_211' title='bbox 1036 1535 1151 1574; x_wconf 85' lang='lat' dir='ltr'>etiam</span> <span class='ocrx_word' id='word_1_212' title='bbox 1165 1548 1270 1586; x_wconf 86' lang='lat' dir='ltr'>rogo.</span> 
     </span>
     <span class='ocr_line' id='line_1_28' title="bbox 230 1604 264 1630; baseline 0 0"><span class='ocrx_word' id='word_1_213' title='bbox 230 1604 264 1630; x_wconf 83' lang='lat' dir='ltr'>e.</span> 
     </span>
    </p>
   </div>
   <div class='ocr_carea' id='block_1_7' title="bbox 152 1751 1273 1858">
    <p class='ocr_par' dir='ltr' id='par_1_8' title="bbox 152 1751 1273 1858">
     <span class='ocr_line' id='line_1_29' title="bbox 152 1751 1273 1807; baseline -0.004 -14"><span class='ocrx_word' id='word_1_214' title='bbox 152 1754 242 1807; x_wconf 84' lang='lat'>(2.)</span> <span class='ocrx_word' id='word_1_215' title='bbox 289 1753 348 1792; x_wconf 83' lang='lat' dir='ltr'>M.</span> <span class='ocrx_word' id='word_1_216' title='bbox 367 1753 417 1793; x_wconf 89' lang='lat' dir='ltr'>T.</span> <span class='ocrx_word' id='word_1_217' title='bbox 442 1753 490 1795; x_wconf 84' lang='lat' dir='ltr'>c.</span> <span class='ocrx_word' id='word_1_218' title='bbox 532 1752 894 1801; x_wconf 85' lang='lat' dir='ltr'>PROCONSUL‚</span> <span class='ocrx_word' id='word_1_219' title='bbox 936 1751 1109 1791; x_wconf 81' lang='lat' dir='ltr'><strong>APPIO</strong></span> <span class='ocrx_word' id='word_1_220' title='bbox 1141 1751 1273 1790; x_wconf 88' lang='lat' dir='ltr'>PUL-</span> 
     </span>
     <span class='ocr_line' id='line_1_30' title="bbox 477 1807 954 1858; baseline -0.004 -11"><span class='ocrx_word' id='word_1_221' title='bbox 477 1807 655 1858; x_wconf 86' lang='lat' dir='ltr'>CHRO,</span> <span class='ocrx_word' id='word_1_222' title='bbox 685 1808 805 1847; x_wconf 87' lang='lat' dir='ltr'><strong>IMP.</strong></span> <span class='ocrx_word' id='word_1_223' title='bbox 838 1809 877 1847; x_wconf 88' lang='lat' dir='ltr'>s.</span> <span class='ocrx_word' id='word_1_224' title='bbox 898 1807 954 1846; x_wconf 91' lang='lat' dir='ltr'>D.</span> 
     </span>
    </p>
   </div>
   <div class='ocr_carea' id='block_1_8' title="bbox 160 1915 1279 2077">
    <p class='ocr_par' dir='ltr' id='par_1_9' title="bbox 160 1915 1279 2077">
     <span class='ocr_line' id='line_1_31' title="bbox 219 1915 1276 1969; baseline -0.001 -15"><span class='ocrx_word' id='word_1_225' title='bbox 219 1918 544 1967; x_wconf 84' lang='lat' dir='ltr'>(Argumentum.</span> <span class='ocrx_word' id='word_1_226' title='bbox 560 1939 614 1945; x_wconf 72' lang='lat'>--</span> <span class='ocrx_word' id='word_1_227' title='bbox 629 1917 805 1957; x_wconf 87' lang='lat' dir='ltr'>Ciliciam</span> <span class='ocrx_word' id='word_1_228' title='bbox 833 1917 1069 1969; x_wconf 78' lang='lat' dir='ltr'>provinciam</span> <span class='ocrx_word' id='word_1_229' title='bbox 1107 1915 1276 1961; x_wconf 77' lang='lat' dir='ltr'>sortitus,</span> 
     </span>
     <span class='ocr_line' id='line_1_32' title="bbox 160 1971 1279 2024; baseline -0.002 -14"><span class='ocrx_word' id='word_1_230' title='bbox 160 1972 334 2024; x_wconf 88' lang='lat' dir='ltr'>Appium</span> <span class='ocrx_word' id='word_1_231' title='bbox 354 1985 403 2009; x_wconf 80' lang='lat' dir='ltr'>ex</span> <span class='ocrx_word' id='word_1_232' title='bbox 422 1972 468 2010; x_wconf 71' lang='lat' dir='ltr'>ea</span> <span class='ocrx_word' id='word_1_233' title='bbox 486 1972 731 2010; x_wconf 88' lang='lat' dir='ltr'>decessurum</span> <span class='ocrx_word' id='word_1_234' title='bbox 748 1980 871 2023; x_wconf 85' lang='lat' dir='ltr'>rogat,</span> <span class='ocrx_word' id='word_1_235' title='bbox 898 1980 942 2009; x_wconf 90' lang='lat' dir='ltr'>ut</span> <span class='ocrx_word' id='word_1_236' title='bbox 961 1971 1034 2009; x_wconf 90' lang='lat' dir='ltr'>sibi</span> <span class='ocrx_word' id='word_1_237' title='bbox 1056 1983 1140 2009; x_wconf 86' lang='lat' dir='ltr'>eam</span> <span class='ocrx_word' id='word_1_238' title='bbox 1160 1982 1279 2022; x_wconf 89' lang='lat' dir='ltr'>quam</span> 
     </span>
     <span class='ocr_line' id='line_1_33' title="bbox 160 2024 985 2077; baseline -0.002 -12"><span class='ocrx_word' id='word_1_239' title='bbox 160 2026 330 2065; x_wconf 83' lang='lat' dir='ltr'>maxime</span> <span class='ocrx_word' id='word_1_240' title='bbox 347 2032 479 2077; x_wconf 85' lang='lat' dir='ltr'>aptam</span> <span class='ocrx_word' id='word_1_241' title='bbox 498 2026 807 2077; x_wconf 79' lang='lat' dir='ltr'>explicatamque</span> <span class='ocrx_word' id='word_1_242' title='bbox 827 2024 985 2076; x_wconf 75' lang='lat' dir='ltr'>tradat.)</span> 
     </span>
    </p>
   </div>
   <div class='ocr_carea' id='block_1_9' title="bbox 660 2102 771 2109">
    <p class='ocr_par' dir='ltr' id='par_1_10' title="bbox 660 2102 771 2109">
     <span class='ocr_line' id='line_1_34' title="bbox 660 2102 771 2109; baseline 0 298"><span class='ocrx_word' id='word_1_243' title='bbox 660 2102 771 2109; x_wconf 95' lang='lat' dir='ltr'> </span> 
     </span>
    </p>
   </div>
   <div class='ocr_carea' id='block_1_10' title="bbox 160 2132 1282 2240">
    <p class='ocr_par' dir='ltr' id='par_1_11' title="bbox 160 2132 1282 2240">
     <span class='ocr_line' id='line_1_35' title="bbox 212 2132 1282 2185; baseline -0.004 -12"><span class='ocrx_word' id='word_1_244' title='bbox 212 2134 317 2173; x_wconf 89' lang='lat' dir='ltr'>Cum</span> <span class='ocrx_word' id='word_1_245' title='bbox 337 2141 374 2172; x_wconf 87' lang='lat' dir='ltr'>et</span> <span class='ocrx_word' id='word_1_246' title='bbox 398 2140 530 2172; x_wconf 85' lang='lat' dir='ltr'>contra</span> <span class='ocrx_word' id='word_1_247' title='bbox 553 2134 788 2172; x_wconf 86' lang='lat' dir='ltr'>voluntatem</span> <span class='ocrx_word' id='word_1_248' title='bbox 816 2147 960 2183; x_wconf 87' lang='lat' dir='ltr'>meam,</span> <span class='ocrx_word' id='word_1_249' title='bbox 980 2140 1018 2173; x_wconf 90' lang='lat' dir='ltr'>et</span> <span class='ocrx_word' id='word_1_250' title='bbox 1040 2140 1177 2185; x_wconf 83' lang='lat' dir='ltr'>praeter</span> <span class='ocrx_word' id='word_1_251' title='bbox 1198 2132 1282 2183; x_wconf 92' lang='lat' dir='ltr'>opi-</span> 
     </span>
     <span class='ocr_line' id='line_1_36' title="bbox 160 2185 1282 2240; baseline -0.003 -13"><span class='ocrx_word' id='word_1_252' title='bbox 160 2189 331 2238; x_wconf 85' lang='lat' dir='ltr'>nionem,</span> <span class='ocrx_word' id='word_1_253' title='bbox 350 2187 556 2237; x_wconf 72' lang='lat' dir='ltr'>accidisset,</span> <span class='ocrx_word' id='word_1_254' title='bbox 569 2196 615 2226; x_wconf 92' lang='lat' dir='ltr'>ut</span> <span class='ocrx_word' id='word_1_255' title='bbox 632 2188 731 2227; x_wconf 90' lang='lat' dir='ltr'>mihi</span> <span class='ocrx_word' id='word_1_256' title='bbox 744 2200 835 2227; x_wconf 91' lang='lat' dir='ltr'>cum</span> <span class='ocrx_word' id='word_1_257' title='bbox 853 2188 1015 2240; x_wconf 89' lang='lat' dir='ltr'>imperio</span> <span class='ocrx_word' id='word_1_258' title='bbox 1032 2187 1074 2226; x_wconf 91' lang='lat' dir='ltr'>in</span> <span class='ocrx_word' id='word_1_259' title='bbox 1092 2185 1282 2239; x_wconf 87' lang='lat' dir='ltr'>provinci-</span> 
     </span>
    </p>
   </div>
  </div>
 </body>
</html>
