1501 2407
279 99 362 137 AD
391 99 688 139 DIVERSOS.
718 100 818 137 Lm.
850 99 884 137 Ι.
913 101 952 138 9.
1123 98 1175 141 27

61 214 148 245 ante
161 206 285 258 posui,
302 206 333 245 si
345 213 468 245 aesent
479 207 612 245 omnia
622 206 719 245 mihi
731 206 976 254 solutissima,
992 213 1121 243 tamen
1135 204 1177 241 in

61 273 102 298 re
123 261 278 312 publica
297 273 374 299 non
393 261 490 300 alius
506 274 639 308 essem,
671 269 787 313 atque
812 273 916 298 nunc
945 272 1044 298 sum.
1075 258 1179 296 Cum

60 327 148 352 vero
166 315 207 352 in
225 314 329 353 hune
347 327 501 353 sensum
525 322 562 353 et
587 315 731 354 afficiar
749 314 940 353 beneficiis
959 312 1179 361 hominum,

61 375 99 405 et
117 369 323 420 compellar
339 368 516 418 injuriis,
506 383 516 392 ·
546 368 657 407 facile
675 368 813 420 patior,
836 382 881 407 ea
902 381 965 406 me
983 367 1031 405 de
1048 380 1089 406 re
1106 379 1180 417 pu-

61 422 160 460 blica
178 423 315 461 sentire
333 436 376 461 ac
394 423 530 471 dicere,
558 437 644 474 quae
662 423 833 461 maxime
852 435 941 461 cum
960 421 1072 469 mihi,
1092 427 1177 458 tum

61 476 176 513 etiam
194 477 412 528 reipublicae
426 477 649 526 rationibus,
668 484 804 538 putem
822 476 1042 515 conducere.

113 530 300 581 Apertius
318 538 448 569 autem
466 531 548 569 haec
559 544 631 582 ago
650 544 694 569 ac
712 531 863 582 saepius,
879 529 982 582 quod
997 537 1034 567 et
1048 527 1178 575 Quin-

61 590 136 632 tus,
168 584 284 622 frater
312 597 436 632 meus,
468 585 618 636 legatus
651 592 707 623 est
747 584 922 632 Caesaris,
957 591 994 621 et
1025 582 1181 620 nullum

60 650 193 676 meum
225 638 434 676 minimum
464 638 625 687 dietum,
657 651 736 677 non
771 639 887 677 modo
916 638 1076 685 factum,
1112 648 1182 687 pro

63 690 213 730 Caesare
241 692 463 741 intercessit,
496 693 600 744 quod
622 693 688 731 ille
717 705 794 730 non
817 693 872 730 ita
893 691 1033 730 illustri
1057 689 1182 741 gratia

61 746 263 797 exceperit,
306 753 350 785 ut
380 759 450 797 ego
480 760 571 785 eum
601 747 699 785 1111131
732 746 953 785 devinctum
985 752 1175 796 putarem.

61 798 201 851 Itaque
219 801 302 850 ejus
320 801 427 839 omni
449 808 486 839 et
510 801 647 852 gratia,
668 814 755 861 quae
781 813 934 839 summa
952 807 1022 847 est,
1043 805 1080 837 et
1099 798 1183 849 opi-

61 855 149 901 bus,
171 867 266 905 quas
283 854 465 905 intessigis
484 868 562 893 esse
575 855 781 902 maximas,
802 855 854 893 sic
872 854 994 901 fruor,
1008 860 1054 890 ut
1072 852 1181 890 meis.

63 908 148 946 Nec
166 908 264 945 1111111
281 909 390 946 aliter
403 908 572 959 potuisse
585 908 714 947 videor
727 908 932 946 hominum
945 906 1182 958 perditorum

61 961 110 999 de
136 975 200 1000 me
219 962 376 1000 consilia
393 962 581 1013 frangere,
602 963 689 1011 nisi,
711 975 801 1001 cum
827 960 1040 1013 praesidiis
1030 960 1076 998 115
1096 974 1184 1011 quae

61 1028 211 1067 semper
228 1016 362 1065 habui,
378 1028 481 1055 nunc
500 1017 617 1055 etiam
640 1016 857 1068 potentium
875 1014 1179 1054 benevolentiam

61 1070 356 1119 conjunxissem.

114 1124 191 1163 His
209 1137 279 1175 ego
298 1125 475 1173 consiliis,
507 1125 538 1163 si
557 1132 595 1163 te
619 1131 845 1176 praesentem
863 1123 1097 1171 habuissem,
1119 1125 1181 1166 (ut

61 1178 190 1229 opinio
207 1191 295 1216 mea
312 1178 401 1226 fert)
422 1192 542 1217 essem
556 1192 648 1217 usus
661 1179 818 1216 eisdem.
844 1178 949 1217 Novi
961 1178 1065 1216 enim
1084 1184 1184 1215 tem-

60 1231 274 1283 perantiam
297 1239 335 1271 et
362 1233 662 1272 moderationem
687 1240 836 1271 naturae
861 1240 962 1271 tuae:
992 1231 1083 1269 novi
1102 1232 1184 1269 ani-

61 1298 186 1335 mum,
207 1293 294 1324 tum
311 1287 409 1324 mihi
427 1287 717 1335 amicissimum,
738 1294 826 1324 tum
845 1286 953 1324 nulla
971 1285 1013 1323 in
1031 1292 1183 1324 caeteros

61 1339 328 1379 malevolentia
346 1341 564 1388 suffusum3
595 1348 815 1393 contraque,
835 1353 926 1379 cum
944 1352 1134 1390 magnum
1147 1347 1184 1377 et

62 1395 271 1442 excelsum,
305 1402 391 1433 tum
418 1396 533 1434 etiam
566 1402 742 1447 apertum
770 1402 807 1433 et
837 1395 1062 1445 simplicem.
1088 1393 1184 1432 Vidi

61 1461 132 1499 ego
162 1449 349 1500 quosdam
377 1450 418 1488 in
448 1458 486 1488 te
511 1449 618 1497 tales,
646 1450 777 1501 quales
802 1456 846 1487 tu
877 1449 1029 1487 eosdem
1050 1448 1092 1485 in
1121 1460 1185 1485 me

61 1502 189 1541 videre
207 1503 377 1555 potuisti.
408 1504 511 1552 Quae
521 1517 585 1542 me
599 1511 816 1552 moverunt,
832 1502 1039 1541 movissent
1050 1501 1185 1540 eadem

61 1562 98 1594 te
115 1557 295 1608 profecto.
326 1558 415 1605 Sed,
444 1571 688 1609 quocumque
706 1565 878 1609 tempore
902 1556 1000 1594 mihi
1018 1563 1184 1607 potestas

60 1611 256 1661 praesentis
274 1611 333 1649 tui
350 1611 480 1660 fuerit,
508 1620 551 1650 tu
571 1612 642 1650 eris
662 1612 838 1650 omnium
856 1611 1072 1649 moderator
1094 1622 1185 1648 0011-

61 1664 235 1703 sssiorum
265 1678 452 1704 meorum.
478 1666 573 1704 Tibi
606 1666 677 1705 erit
707 1666 846 1712 eidem,
874 1664 936 1703 cui
967 1665 1068 1702 salus
1097 1677 1184 1702 mea

62 1717 150 1766 fuit,
170 1719 286 1758 etiam
311 1720 477 1771 dignitas
496 1734 607 1759 curae.
638 1720 710 1758 Me
728 1719 885 1771 quidem
911 1726 1009 1757 certe
1028 1726 1186 1757 tuarum

14 1793 20 1797 >
62 1773 272 1823 actionum,
293 1775 580 1836 sententiarum,
594 1775 853 1821 voluntatum,
873 1785 1000 1811 rerum
1020 1772 1186 1823 denique

62 1827 254 1889 omniurn,
281 1828 426 1867 socium
455 1829 709 1890 comitemque
727 1827 909 1866 habebis:
940 1839 1064 1877 neque
1088 1826 1186 1864 mihi

61 1879 102 1917 in
132 1881 240 1919 omni
268 1882 348 1920 vita
377 1895 436 1920 res
463 1889 543 1921 tam
569 1883 640 1921 erit
664 1882 746 1920 ulla
770 1880 979 1933 proposita,
1001 1893 1119 1931 quam
1141 1888 1186 1918 ut

61 1935 233 1984 quotidie
251 1936 513 1975 vehementius
532 1944 570 1976 te
588 1936 637 1975 de
651 1949 714 1974 me
732 1935 877 1988 optime
901 1934 1084 1973 meritum
1102 1948 1183 1973 esse

62 1988 199 2027 laetere.

117 2042 235 2090 Quod
253 2056 377 2095 rogas,
397 2052 441 2082 ut
459 2057 546 2083 mea
564 2044 634 2084 tibi
649 2044 788 2095 scripta
805 2043 972 2091 mittam,
995 2056 1082 2094 quae
1099 2050 1184 2094 post

64 2095 274 2135 discessum
287 2105 401 2135 tuum
416 2098 656 2150 scripserim3
687 2105 777 2136 sunt
789 2097 976 2135 orationes
990 2097 1185 2148 quaedam,

62 2163 156 2201 quas
189 2151 405 2190 Menocrito
422 2152 547 2198 dabo,
577 2165 702 2205 neque
731 2151 786 2190 ita
809 2152 969 2195 mult'ae3
998 2163 1047 2188 ne
1069 2151 1189 2201 perti-

61 2215 214 2244 mescas.
248 2205 389 2257 Scripsi
408 2205 522 2245 etiam
542 2209 650 2250 (nam
680 2207 728 2244 ab
753 2179 987 2244 orationibu's
1010 2203 1188 2255 disjungo
