1481 2422
309 87 394 127 AD
422 88 726 129 DIVERSOS.
757 89 860 128 LIB.
889 89 944 128 X.
975 90 1013 135 7.
1151 90 1233 134 287

97 205 176 233 11011
194 200 309 235 11111111
324 197 532 259 judicium,
549 197 615 237 sed
633 205 854 250 temporum
869 199 1024 238 vincula
1042 200 1235 250 conjunx-

99 256 224 288 erunt.
255 250 487 304 Complures
516 252 558 290 in
587 253 874 304 perturbatione
902 254 1124 305 reipublicae
1146 267 1238 293 con-

99 303 201 342 sulas
226 304 343 344 dicti:
374 320 550 368 quorum·
575 319 692 346 nemo
721 308 931 346 consularis
962 308 1131 357 habitus,
1164 309 1239 347 nisi

100 357 171 409 qui
204 359 336 399 animo
362 361 508 400 exstitit
540 361 581 399 in
612 362 894 424 rempublicam
924 363 1126 402 consulari.
1157 363 1240 402 Ta-

99 410 208 450 lem'
197 414 317 465 igitur
335 422 373 454 te
392 429 472 455 esse
485 424 651 468 oportet,
668 416 751 468 qui,
764 417 952 478 primum,
973 423 1011 455 te
1029 417 1108 456 ab
1098 417 1240 469 impio-

98 479 187 505 rum
208 467 366 518 civium,
381 470 439 509 tui
458 470 822 519 dissimillimorum,
839 471 1016 510 societate
1030 473 1237 523 sejungas·
1225 501 1238 519 ,

101 519 255 573 deinde,
276 532 314 562 et
332 525 481 564 senatui
500 525 688 578 bonisque
707 526 889 565 omnibus
910 533 1120 574 auctorem,
1134 526 1242 578 prin-

100 575 241 628 cipem,
273 578 428 628 ducem,
453 582 650 632 praebeas;
681 589 890 642 postremo,
923 588 969 618 ut
994 593 1130 632 pacem
1160 594 1241 620 esse

96 630 247 680 judices
266 646 345 672 non
363 635 405 673 in
424 635 544 674 armis
561 634 708 687 positis,
729 635 823 674 sed
813 648 854 673 111
873 637 1023 686 abjecto
1041 649 1240 675 armorum

101 692 141 724 et
159 688 351 727 servitutis
365 697 485 728 metu.

157 742 257 781 Haec
270 743 303 782 si
324 751 361 782 et
380 758 469 796 ages
489 751 527 784 et
546 744 697 792 senties,
718 751 803 783 tum
824 744 897 784 eris
917 757 994 784 non
1014 744 1132 784 modo
1151 757 1242 784 con-

102 796 163 835 su]
183 805 220 836 et
239 799 462 848 consularis,
483 799 549 839 sed
567 812 735 851 magnus
755 799 872 839 etiam
892 807 930 838 et
944 800 1079 839 oonsul
1098 807 1136 838 et
1150 813 1242 839 con-

102 851 263 891 51113115·
295 853 355 891 5111
373 853 496 901 aliter,
514 862 582 892 tua
596 855 637 892 in
656 854 737 893 istis
752 854 1000 906 amplissimis
1015 854 1242 894 nominibus

101 905 295 945 honorum
314 920 392 946 non
411 909 529 948 modo
543 908 711 960 dignitas
726 909 837 948 nulla
855 908 941 958 erit,
962 908 1028 948 sed
1048 909 1119 948 erit
1133 921 1243 948 sum-

102 972 170 999 ma
188 961 427 1001 deformitas.

159 1016 272 1066 Haec,
293 1017 487 1070 impulsus
515 1018 798 1067 benevolentia,
834 1017 967 1070 scripsi
999 1018 1117 1070 paulo
1137 1031 1242 1057 seve-

102 1070 183 1110 rius
198 1086 208 1110 1
230 1086 319 1124 quae
341 1080 399 1121 tu,
426 1072 467 1111 in
479 1072 726 1126 experiendo,
743 1074 788 1112 ea
800 1073 947 1112 ratione
967 1086 1055 1125 quae
1069 1080 1108 1111 te
1122 1072 1242 1125 digna

106 1134 177 1175 est,
198 1140 288 1166 vera
305 1140 385 1167 esse
404 1140 619 1180 cognosces.
649 1127 702 1166 D.
719 1128 836 1167 XIII
857 1128 941 1167 Cal.
957 1127 1121 1180 Aprilis.

314 1291 408 1345 (7.)
439 1291 710 1332 PLANCUS
739 1291 1038 1332 CICERONI.

164 1401 494 1453 (Argumentum.
510 1428 566 1435 —
580 1402 751 1441 Causam
784 1401 982 1441 brevitatis
1011 1400 1170 1450 indicat,
1206 1408 1244 1440 et

107 1456 227 1496 studii
245 1457 287 1495 in
305 1456 588 1510 rempublicam
607 1457 667 1496 sui
687 1457 807 1496 serius
826 1456 1033 1509 patefacti3
1056 1469 1246 1509 suamque

106 1510 337 1564 dignitatem
351 1512 528 1552 Ciceroni
546 1511 825 1562 commendat.)

164 1621 286 1661 Plura
297 1621 369 1660 tibi
381 1621 428 1661 de
446 1621 543 1660 meis
562 1622 728 1661 consiliis
743 1622 962 1670 scriberem,
979 1620 1247 1674 rationemque

109 1677 289 1715 omnium
307 1690 438 1716 rerum
456 1676 655 1715 redderem
670 1677 880 1724 verbosius,
901 1690 980 1729 quo
999 1677 1125 1728 magis
1141 1676 1248 1727 judi-

110 1744 230 1780 cares,
250 1731 382 1770 omnia
399 1744 463 1770 me
481 1731 702 1783 reipublicae
732 1731 967 1784 praestitisse,
995 1745 1084 1784 quae
1114 1739 1152 1770 et
1177 1730 1248 1769 tua.

112 1786 377 1825 exhortatione
396 1786 543 1838 excepi,
568 1794 606 1825 et
623 1799 713 1825 mea
732 1786 986 1825 affirmatione
1005 1786 1077 1824 tibi
1095 1785 1247 1837 recepi,

113 1840 213 1892 (non
242 1841 374 1880 minus
392 1840 496 1880 enim
516 1854 540 1879 a
558 1848 596 1879 te
625 1841 781 1893 probari
811 1854 930 1893 quam
959 1840 1070 1892 diligi
1097 1854 1249 1893 semper

111 1896 242 1942 volui3
273 1908 344 1934 nec
362 1904 400 1935 te
417 1895 542 1947 magis
575 1896 617 1933 in
647 1896 763 1947 culpa
791 1895 1033 1934 defensorem
1060 1895 1160 1933 mihi
1179 1909 1250 1947 pa-

109 1951 207 1999 ravi,
240 1964 359 2003 quam
390 1950 679 2002 praedicatorem
709 1950 936 1989 meritorum
967 1963 1144 1989 meorum
1171 1963 1252 1988 esse

110 2005 235 2053 volui)
256 2005 322 2045 sed
339 2005 554 2046 breviorem
572 2018 636 2044 me
655 2005 744 2044 duae
763 2018 822 2044 res
833 2005 1009 2050 faciunt,
997 2018 1008 2028 ·
1033 2017 1128 2053 una,
1145 2003 1252 2057 quod

111 2060 278 2112 publicis
296 2060 416 2099 literis
433 2058 566 2098 omnia
583 2072 673 2098 sum
697 2068 950 2112 persecutus;
982 2059 1116 2106 altera,
1146 2058 1253 2112 quod

111 2115 176 2154 M.
196 2115 454 2163 Varisidium,
470 2114 643 2167 equitem
657 2115 907 2178 Romanum,
919 2113 1154 2152 familiarem
1168 2126 1253 2152 me-

109 2181 195 2219 um,
207 2170 339 2222 ipsum
350 2169 401 2210 ad
419 2177 457 2210 te
475 2168 636 2209 transire
651 2169 764 2221 jussi,
780 2182 830 2209 ex
842 2182 922 2222 quo
940 2168 1073 2209 omnia
1091 2180 1253 2221 cognos-

111 2237 194 2265 cere
214 2238 356 2277 posses.
