1481 2381
285 106 368 146 AD
397 104 692 146 DIVERSOS.
724 103 970 144 L113.VI11.
997 107 1035 144 9.
1138 103 1214 142 231

157 215 222 255 Sic
237 221 296 265 tu,
314 215 457 268 inquis,
477 214 643 253 Hirrum
661 213 857 253 1130135119
886 213 1030 260 Immo,
1050 212 1081 250 si
1107 211 1217 259 scias,

104 282 222 321 quam
239 269 364 317 facile,
390 282 508 321 quam
526 280 575 306 ne
594 267 843 307 contentionis
871 267 1027 319 quidem
1045 266 1219 303 minimae

102 323 230 370 fuerit,
250 323 392 376 pudeat
409 331 460 371 te,
476 335 614 361 ausum
632 323 744 360 illum
758 333 934 372 unquam
953 333 1031 358 esse
1048 319 1220 358 incedere

102 384 302 438 tamquam
333 385 444 416 tuum
469 377 767 428 competitorem.
806 376 902 414 Post
918 375 1110 425 repulsam
1129 386 1218 411 vero

102 431 200 470 risus
214 431 327 469 facit:
359 431 479 470 civem
498 432 645 469 bonum
663 430 777 477 ludit,
809 436 846 467 et
871 436 1001 467 contra
1029 428 1218 467 Caesarem

102 485 307 524 sententias
324 485 439 524 dicit:
469 485 787 536 exspectationem
802 483 979 534 corripit:
1011 482 1220 521 Curionem

101 551 256 591 prorsus
284 552 362 577 non
393 539 631 578 mediocriter
660 540 864 588 objurgat3
898 537 971 575 hac
997 535 1150 588 repulsa
1182 548 1221 574 se

102 593 278 632 mutavit.
309 594 511 640 Praeterea,
532 593 600 645 qui
617 604 818 644 nunquam
836 591 877 629 in
894 591 976 629 foro
988 590 1220 642 apparuerit,

102 658 180 685 non
198 647 396 685 multum
386 660 427 685 in
449 622 602 697 judiciis
621 657 790 685 versatus
820 646 884 694 sit,
915 645 996 696 agit
1023 657 1156 684 causas
1173 644 1222 682 11-

101 701 273 748 11013105;
303 702 369 740 50(1
387 715 471 740 raro
489 710 574 753 post
588 700 797 739 meridiem.

157 755 220 794 De
237 756 453 807 provinciis,
474 755 579 807 quod
597 755 668 793 tibi
679 755 914 806 scripseram,
931 753 1067 791 idibus
1082 752 1218 792 Sextil.

104 816 233 847 actan
251 810 311 857 iri,
331 810 546 861 interpellat
562 809 752 859 judicium
766 807 957 855 Marcelli,
978 808 1142 846 consulis
1156 807 1222 845 de-

105 863 255 914 signati.
286 864 336 902 ln
356 864 545 903 calendas
562 864 699 913 rejecti
716 876 770 909 re,
797 875 845 900 ne
861 861 1117 913 frequentiam
1135 861 1222 913 qui-

104 917 192 955 dem
213 917 356 957 efficere
373 926 591 970 potuerunt.
631 917 717 956 Has
742 917 869 955 literas
898 929 932 953 a.
953 915 990 953 d.
1021 915 1085 953 IV
1115 916 1220 954 Non.

105 971 318 1022 Septembr.
338 972 440 1021 dedi,
471 985 561 1011 cum
590 971 640 1010 ad
669 984 752 1011 eam
783 970 885 1010 diem
903 982 952 1008 ne
975 969 1222 1021 profligatum

104 1025 262 1076 quidem
281 1026 493 1078 quidquam
512 1034 602 1064 erat.
632 1026 689 1064 Ut
707 1025 830 1073 video,
847 1037 958 1063 causa
975 1024 1057 1062 haec
1075 1023 1225 1075 integra

103 1078 145 1117 in
163 1080 386 1131 proximum
405 1093 552 1119 annum
580 1080 850 1118 transferetur:
881 1085 932 1125 et,
956 1084 1145 1129 quantum
1164 1077 1224 1116 di-

105 1133 209 1183 vino,
230 1134 505 1187 relinquendus
513 1134 583 1173 tibi
602 1134 685 1181 erit,
706 1134 775 1186 qui
792 1131 1026 1185 provinciam
1041 1132 1223 1172 obtineat.

105 1187 214 1226 Nam
232 1200 310 1227 non
329 1188 529 1241 expeditur
547 1188 741 1236 5110005510,
768 1200 857 1226 cum
877 1186 1029 1234 Gaffiae‚
1050 1199 1137 1237 quae
1154 1186 1225 1225 ha-

107 1242 201 1280 bent
218 1242 516 1291 intercessorem,
547 1242 587 1280 in
613 1242 788 1280 eamdem
817 1240 1086 1288 conditionem,
1107 1252 1228 1292 quam

109 1302 253 1334 caeterae
270 1296 488 1348 provinciae,
509 1307 702 1335 vocantur.
744 1296 832 1334 Hoc
858 1294 956 1332 mihi
983 1307 1060 1332 non
1080 1303 1135 1332 est
1154 1294 1229 1333 du-

107 1349 244 1388 bium:
267 1363 345 1402 quo
364 1350 434 1389 tibi
451 1350 573 1402 magis
593 1350 738 1401 scripsi,
753 1357 798 1388 ut
816 1348 865 1388 ad
881 1348 985 1386 hunc
997 1356 1176 1387 eventum
1188 1355 1227 1387 te

105 1416 269 1455 parares.

162 1458 258 1496 Fere
292 1458 412 1497 literis
448 1458 627 1497 omnibus
663 1458 734 1497 tibi
766 1457 814 1496 de
849 1457 1044 1509 pantheris
1080 1456 1224 1509 scripsi.

108 1510 244 1564 Turpe
269 1512 340 1551 tibi
369 1513 453 1561 erit,
473 1512 671 1551 Patiscum
690 1511 850 1551 Curioni
867 1511 997 1550 decem
1023 1511 1227 1563 pantheras

107 1565 268 1615 misisse,
298 1574 336 1605 te
364 1578 442 1605 non
471 1566 604 1605 multis
628 1566 800 1618 partibus
825 1566 979 1617 plures:
1010 1578 1105 1617 quas
1124 1565 1228 1617 ipsas

109 1619 229 1658 Curio
244 1620 356 1671 101111,
376 1628 414 1659 01
443 1621 536 1659 31135
561 1620 761 1659 Africanas
788 1619 933 1667 decem,
966 1619 1148 1665 donavit;
1176 1632 1227 1657 ne

108 1681 220 1726 putes
238 1674 351 1712 illum
369 1681 521 1713 tantum
539 1674 682 1727 praedia
699 1674 840 1713 rustica
853 1673 943 1713 dare
960 1674 1065 1712 scire·
1098 1674 1179 1721 Tu,
1195 1674 1228 1712 si

107 1727 223 1766 modo
258 1727 443 1767 memoria
478 1729 657 1777 tenueris,
695 1736 733 1767 et
770 1728 970 1780 Cibyratas
1007 1728 1226 1774 arcessieris,

107 1781 279 1834 itemque
309 1783 350 1820 in
380 1783 654 1835 Pamphyliam
682 1782 810 1821 literas
839 1782 1000 1831 miseris,
1035 1785 1143 1826 (nam
1172 1782 1227 1820 ibi

107 1836 236 1887 plures
254 1837 338 1888 capi
356 1837 479 1885 aiunt)
500 1837 604 1889 quod
618 1837 733 1885 voles,
748 1836 895 1875 efficies
924 1836 1013 1876 Hoc
1025 1836 1229 1875 vehemen-

109 1890 185 1928 tius
203 1890 333 1929 laboro
351 1903 468 1939 nunc,
499 1891 604 1943 quod
625 1904 795 1930 seorsum
814 1904 837 1929 a
854 1890 1000 1941 collega
1017 1898 1112 1943 puto
1129 1890 1228 1928 mihi

107 1944 238 1982 omnia
264 1945 444 1996 paranda.
473 1946 631 1984 Amabo
657 1952 710 1993 te,
740 1945 887 1996 impera
914 1944 985 1982 tibi
1011 1945 1084 1983 hoc
1111 1957 1224 1983 curae.

110 1998 218 2037 Soles
235 1998 410 2048 libenter,
430 2009 474 2037 ut
493 2013 578 2051 ego,
597 2000 783 2060 majorem
797 2006 946 2050 partem
964 1998 1062 2037 nihil
1083 2011 1226 2037 0111310.

110 2052 161 2090 In
178 2052 251 2091 hoc
268 2053 419 2104 negotio
436 2054 545 2092 nulla
561 2061 642 2100 tua,
662 2053 736 2092 11151
753 2052 950 2104 loquendi,
964 2065 1055 2091 cura
1069 2059 1140 2102 est,
1155 2052 1229 2091 hoc

110 2113 179 2154 est,
205 2106 420 2158 imperandi
446 2107 505 2158 [et
531 2107 776 2159 mandandi]
817 2107 939 2149 Nam,
966 2107 1083 2145 simul
1113 2114 1230 2158 atque

110 2167 224 2199 erunt
251 2168 385 2213 captae,
404 2162 473 2214 qui
497 2162 602 2201 alant
620 2174 697 2209 035,
727 2170 765 2200 01
782 2151 994 2222 deportent,
1014 2160 1132 2200 habes
1149 2173 1227 2209 005,

111 2227 207 2266 quos
224 2213 275 2254 ad
292 2214 496 2256 Sittianam
514 2215 773 2268 syngrapham
791 2214 892 2254 misi.
924 2215 1028 2255 Puto
1046 2214 1229 2262 etiamsi
