1501 2407
255 120 338 159 AD
365 119 662 160 mvnnsos.
693 120 793 159 ΜΒ.
826 120 900 159 vr.
930 123 968 159 σ.
1094 110 1168 165 157

56 227 165 267 1101115
183 227 341 277 civibus,
361 236 442 267 tam
471 230 606 267 acerba
634 228 786 278 injuria.
827 229 972 277 Quare,
1006 229 1056 267 ad
1085 242 1170 268 eam

53 295 175 334 spem,
195 295 312 335 quam
331 293 439 321 extra
456 283 628 321 ordinem
647 283 694 321 de
712 291 749 321 te
770 283 852 334 ipso
870 284 1071 331 habemus,
1091 296 1168 321 non

54 337 180 375 solum
210 344 363 388 propter
392 337 617 388 dignitatem
642 345 679 375 et
704 337 884 375 virtutem
916 346 1038 385 tuam,
1070 337 1170 389 (haec

55 391 158 428 enim
169 398 390 429 ornamenta
402 398 490 429 sunt
508 391 579 429 tibi
596 392 710 430 etiam
730 405 819 429 cum
838 392 921 430 aliis
933 392 1169 439 communia)

55 444 237 483 accedunt
253 452 320 483 tua
337 446 542 496 praecipua,
568 454 723 497 propter
755 446 940 483 eximium
968 446 1169 496 ingenium

54 511 323 550 summamque
344 498 574 548 [doctrinam
588 501 623 551 ;]
645 500 706 537 cui
726 498 996 549 (mehercules)
1010 499 1085 547 hic,
1103 513 1169 538 cu-

49 553 114 602 jus
131 553 172 591 in
196 561 381 605 potestate
410 566 557 602 sumus,
587 554 758 592 multum
777 554 922 592 tribuit.
966 555 1104 606 Itaque
1121 566 1170 592 ne

52 614 239 658 punctum
251 607 408 659 quidem
419 608 600 659 temporis
614 608 654 645 in
673 608 746 646 ista
760 607 915 648 fortuna
933 608 1080 657 fuisses,
1097 607 1171 646 nisi

53 673 98 699 eo
114 661 198 713 ipso
215 663 316 700 bono
334 668 415 710 tuo,
436 675 512 714 quo
531 662 751 710 delectatur,
776 674 816 700 se
834 662 1019 700 violatum
1037 663 1169 713 putas-

54 721 121 753 set.
161 716 280 764 Quod
307 716 437 767 ipsum
463 716 605 754 lenitur
634 716 829 768 quotidie:
860 716 1170 767 significaturque

52 769 161 808 nobis
180 772 228 808 ab
246 770 306 817 iis,
326 770 395 821 qui
413 770 530 808 simul
556 783 645 808 cum
665 783 708 808 eo
726 770 874 817 vivunt,
904 770 975 808 tibi
992 770 1091 808 hanc
1109 771 1169 822 ip-

50 836 132 861 sam
150 824 367 876 opinionem
384 824 529 875 ingenii
541 824 645 876 apud
661 824 790 876 ipsum
803 824 1018 876 plurimum
1035 824 1169 877 profu-

50 884 190 916 turam.

107 932 364 984 Quapropter,
384 933 555 984 primum
569 933 629 972 fac
647 933 776 971 animo
795 933 883 970 forti
901 940 1016 984 atque
1026 945 1169 984 magno

52 987 114 1026 sis.
157 988 220 1025 Ita
238 986 341 1024 enim
373 994 500 1034 natus,
520 988 574 1025 ita
592 987 764 1029 eductus
794 987 848 1024 ita
873 987 1005 1026 doctus
1031 1000 1083 1035 es,
1114 988 1169 1026 ita

52 1042 167 1080 etiam
197 1041 383 1092 cognitus,
417 1051 463 1078 ut
491 1041 561 1079 tibi
597 1042 636 1079 id
668 1041 886 1079 faciendum
919 1041 991 1079 sit.
1030 1041 1168 1080 deinde

52 1109 160 1147 spem
178 1108 332 1147 quoque
349 1095 489 1133 habeas
507 1095 766 1133 firmissimam
780 1102 934 1146 propter
946 1108 1006 1133 eas
1021 1108 1166 1143 causas,

52 1163 148 1201 quas
164 1148 308 1211 scripsi.
346 1149 388 1186 A
407 1162 470 1187 me
487 1162 575 1187 vero
600 1150 671 1188 tibi
699 1150 829 1187 omnia
856 1149 1062 1200 liberisque
1091 1150 1168 1188 tuis

52 1203 291 1256 paratissima
308 1215 401 1252 esse,
422 1203 587 1242 confidas
605 1203 733 1241 velim.
765 1203 814 1241 Id
833 1203 936 1241 enim
956 1211 992 1241 et
1004 1211 1169 1242 vetustas

53 1258 172 1296 nostri
199 1256 352 1303 amoriS,
387 1265 424 1295 et
451 1270 538 1295 mea
563 1257 795 1296 consuetudo
822 1258 863 1294 in
891 1270 1010 1319 meos,
1038 1266 1074 1297 et
1102 1265 1169 1296 tua

53 1312 178 1350 multa
197 1324 286 1363 erga
302 1323 367 1349 me
384 1310 520 1360 officia,
540 1311 747 1363 postulant.
786 1312 826 1351 Υ
827 1312 898 1350 ale.

215 1472 314 1523 (6.)’
329 1474 391 1513 Μ.
405 1473 456 1512 Τ.
470 1474 515 1514 C.
543 1474 596 1512 A.
628 1474 873 1514 CAECINAE
899 1474 938 1512 S.
952 1472 1006 1511 D.

69 1616 72 1619 .
109 1582 432 1633 (Argumentum.
445 1605 494 1612 -—-
510 1582 738 1622 Consolatur
756 1581 988 1621 divinatione
1005 1580 1173 1620 melioris

53 1636 231 1685 fortunae,
247 1638 376 1675 sumta
394 1650 442 1675 ex
459 1637 612 1688 ingenio
630 1638 803 1684 Caesaris,
825 1644 861 1675 et
878 1636 1016 1674 natura
1042 1648 1171 1674 rerum

57 1704 102 1729 ac
119 1698 362 1742 temporum:
392 1691 586 1743 proposita
610 1691 843 1730 fortitudinis
867 1690 995 1737 laude,
1019 1697 1056 1728 et
1083 1702 1172 1727 con-

55 1745 211 1783 scientia
227 1752 325 1784 recte
342 1745 553 1784 factorumz
585 1746 724 1797 quibus
743 1745 849 1783 addit
866 1743 1082 1782 communis
1101 1756 1166 1782 ca-

55 1799 238 1838 lamitatis
256 1806 295 1837 et
307 1801 468 1838 turbatae
485 1799 704 1852 reipublicae
722 1804 1026 1851 argumentum.)

113 1906 272 1955 Vereor,
301 1920 351 1947 ne
374 1908 560 1947 desideres
588 1908 757 1947 officium
774 1920 935 1953 meum3
965 1905 1069 1958 quod
1088 1905 1174 1954 tibi,

58 1974 128 2013 pro
146 1962 275 2000 nostra
293 1970 331 2000 et
347 1963 572 2001 meritorum
589 1963 818 2009 multorum,
840 1969 877 2000 et
895 1961 1123 2009 studiorum,
1137 1968 1175 1998 et

58 2015 228 2067 partium
246 2017 523 2066 conjunctione,
550 2017 676 2055 deesse
700 2029 777 2054 non
796 2017 931 2054 debet.
962 2015 1028 2053 sed
1045 2022 1175 2052 tamen

58 2082 202 2118 vereor,
233 2082 282 2108 ne
303 2071 500 2110 literarum
525 2085 549 2109 a
571 2084 635 2109 me
664 2070 831 2109 officium
856 2069 1049 2121 requiras3
1080 2081 1176 2120 quas

25 2167 27 2169 ,
57 2123 130 2162 tibi
148 2130 186 2162 et
209 2124 293 2174 jam
311 2124 460 2176 pridem
478 2132 516 2164 et
533 2138 632 2177 saepe
656 2125 857 2172 misissem,
888 2123 974 2170 11151,
1006 2122 1177 2183 quotidie

60 2177 198 2216 melius
217 2186 452 2238 exspectans,
465 2179 765 2232 gratulationem
785 2190 903 2231 quam
922 2175 1178 2217 confirmatio-

62 2244 151 2270 nem
170 2231 288 2270 animi
306 2233 364 2271 tui
382 2234 581 2286 complecti
595 2233 712 2274 literis
724 2233 957 2271 maluissem.
989 2232 1120 2278 Nunc,
1134 2238 1177 2268 ut

113 2288 170 2327 (E
162 2288 258 2337 pest
264 2294 278 2336 )
300 2299 327 2325 V
333 2298 466 2326 oL.1.
877 2297 901 2324 Ρ
