1501 2407
238 113 316 152 214
410 115 493 154 AD
523 115 821 157 DIVERSOS.
852 117 954 156 Lm.
979 117 1082 156 VII.
1112 118 1180 156 33.

236 220 436 262 literarum
455 231 624 263 tuarum.
654 225 845 264 Praeterea
873 224 1134 274 Dolabellam,
1153 237 1272 277 quem
1289 237 1361 287 ego

234 277 424 336 perspicio
438 286 476 316 et
500 279 633 329 judico
651 279 943 331 cupidissimum
957 291 1036 318 esse
1048 286 1164 332 atque
1178 279 1361 318 amantis-

234 329 380 369 simum
398 333 489 378 mei,
517 333 726 376 cohortare
758 341 796 372 et
821 333 1017 379 confirma,
1043 341 1081 371 et
1102 332 1218 372 redde
1243 332 1359 385 plane

234 394 392 423 meum.
422 398 500 425 non
520 385 773 448 (mehercule)
795 400 873 438 quo
891 387 1105 438 quidquam
1124 386 1247 433 desit3
1278 386 1358 435 sed,

233 438 326 489 quia
344 440 454 478 valde
472 441 599 493 cupio,
619 453 697 479 non
708 441 838 480 videor
851 441 1018 479 nimium
1029 441 1213 480 laborare.
1242 441 1357 480 Vale.

320 617 437 671 (33.)
478 619 541 657 M.
561 619 774 659 CICERO
803 621 843 659 S.
856 619 910 658 D.
940 618 1274 659 VOLUMNIO.

289 726 614 777 (Argumentum.
630 753 685 760 -—
696 727 819 773 Dicit,
832 726 974 766 afflicta
987 726 1199 778 republica,
1212 740 1253 766 se
1267 741 1357 767 cum

239 779 385 827 Hirtio,
407 781 553 829 Cassio,
569 789 606 820 et
621 781 842 828 Dolabella,
856 781 1147 824 declamationes
1159 794 1329 821 exercere
1344 796 1357 831 ς

237 842 275 872 et
304 835 562 873 Volumnium
592 836 642 874 ad
671 835 803 874 eadem
830 835 955 873 studia
975 835 1125 874 invitat.
1155 835 1263 873 Nam
1286 836 1359 875 sibi

237 887 491 927 deliberatum
521 902 615 938 esse,
642 889 683 927 in
712 889 841 928 literas
866 902 905 928 se
927 889 1079 939 abdere,
1100 889 1249 928 Caesare
1272 903 1360 942 per-

235 942 440 990 mittente.)

287 1049 405 1098 Quod
431 1050 769 1090 declamationibus
792 1051 931 1090 nostris
955 1064 1070 1098 cares,
1100 1051 1234 1089 damni
1257 1052 1357 1092 nihil

233 1103 338 1142 facis.
369 1104 487 1152 Quod
508 1105 637 1143 Hirtio
655 1105 854 1167 invideres,
878 1105 953 1143 nisi
981 1118 1072 1144 eum
1094 1118 1255 1155 amareS,
1275 1119 1354 1145 non

231 1161 312 1196 'erat
328 1171 440 1197 causa
454 1159 678 1204 invidendi3
708 1159 782 1198 nisi
795 1159 913 1198 forte*
902 1159 1022 1210 1psius
1036 1159 1261 1211 eloquentiae
1270 1173 1356 1199 ma-

234 1211 308 1262 gis,
321 1226 439 1274 quam
449 1213 551 1274 quod
561 1226 625 1251 me
633 1214 794 1260 audiret,
807 1213 1004 1252 invideres.
1027 1214 1111 1251 Nos
1120 1212 1357 1266 enimplane,

231 1265 287 1303 mi
308 1267 530 1305 suavissime
548 1267 751 1315 Volumni,
772 1275 840 1306 aut
865 1267 962 1305 nihil
985 1279 1131 1316 sumus,
1159 1273 1227 1305 aut
1244 1269 1354 1307 nobis

231 1320 419 1371 quidem·
408 1321 499 1372 1psis
518 1321 821 1373 displicemus,0
798 1321 1015 1372 oregalibus
1033 1321 1124 1367 iuis,
1147 1321 1302 1373 quibus,
1315 1330 1355 1362 te

228 1373 449 1425 plaudente
471 1375 708 1426 vigebamus,
729 1376 901 1413 amissis:
931 1382 977 1413 ut
996 1375 1126 1422 etiam,
1148 1375 1179 1413 si
1199 1376 1355 1427 quando

232 1427 381 1479 aliquid
399 1428 559 1477 dignum
580 1439 708 1467 nostro
726 1429 881 1467 nomine
896 1429 1108 1475 emisimus,
1128 1429 1355 1480 ingemisca-

231 1493 333 1529 muS,
355 1483 458 1533 quod
486 1483 568 1521 haec
595 1484 860 1534 “pennigero,
886 1495 963 1520 non
990 1482 1193 1534 armigero,
1212 1483 1254 1520 in
1273 1497 1355 1522 cor-

229 1548 322 1587 pore
342 1537 417 1573 tela
437 1544 695 1585 exerceantur,
700 1538 726 1554 ”
751 1545 796 1576 ut
814 1537 867 1575 ait
893 1537 1123 1575 Philoctetes
1145 1537 1250 1589 apud
1271 1538 1354 1577 Ac-

231 1589 354 1637 cium,
370 1590 518 1639 abjecta
536 1591 670 1641 gloria.

287 1643 362 1682 Sed
380 1651 509 1682 tamen
528 1645 658 1682 omnia
686 1645 784 1683 mihi
810 1652 935 1693 erunt,
957 1645 988 1682 si
1013 1652 1055 1682 tu
1075 1644 1234 1706 veneris,
1254 1645 1355 1684 hila-

231 1697 359 1736 riora:
391 1711 628 1749 quamquam
654 1713 678 1737 1
680 1700 772 1745 enis,
794 1713 818 1737 u
821 1707 837 1737 t
855 1700 938 1750 ipse
956 1699 1180 1750 intelligis,
1169 1711 1209 1736 m
1228 1700 1355 1738 maxi-

230 1763 386 1790 marum
405 1752 514 1803 quasi
533 1765 758 1791 concursum
779 1753 1100 1805 occupationum,
1130 1766 1224 1804 quas
1244 1753 1289 1802 si,
1309 1761 1355 1792 ut

229 1805 424 1853 volumus,
445 1807 719 1857 exceperimus,
745 1821 816 1859 ego
835 1820 923 1846 vero
946 1806 1112 1845 multam
1134 1807 1298 1845 salutem
1317 1814 1355 1846 et

230 1859 315 1898 foro
334 1860 475 1907 dicam,
499 1868 536 1898 et
555 1861 698 1907 mriae,
688 1875 698 1884 ·
729 1862 933 1922 vivamque
961 1867 1089 1898 tecum
1108 1861 1294 1907 multum,
1315 1869 1354 1900 et

233 1926 323 1952 cum
342 1915 611 1952 communibus
631 1916 767 1953 nostris
797 1915 1042 1953 amatoribus.
1072 1915 1179 1952 Nam
1198 1922 1237 1952 et
1259 1915 1353 1954 Cas-

232 1967 311 2005 sius
342 1975 447 2015 tuus,
481 1975 517 2006 et
549 1968 755 2007 Dolabella
776 1977 917 2017 noster,
948 1969 1008 2006 vel
1034 1969 1161 2020 potius
1191 1976 1353 2020 uterque

229 2029 372 2068 noster,
399 2022 533 2060 studiis
558 2023 693 2061 iisdem
726 2031 916 2071 tenentur,
940 2030 977 2060 et
1005 2022 1101 2060 meis
1125 2023 1352 2074 aequissimis

230 2083 395 2113 utuntur
424 2076 592 2114 auribus.
623 2077 737 2128 Opus
770 2086 825 2115 est
857 2077 934 2115 huc
959 2077 1136 2115 limatulo
1166 2083 1203 2114 et
1231 2076 1353 2128 polit'o

229 2135 298 2167 tuo
313 2129 472 2179 judicio,
501 2138 538 2168 et
561 2130 637 2169 11115
652 2130 904 2169 interioribus
925 2130 1059 2177 literis,
1085 2130 1226 2181 quibus
1251 2143 1353 2182 saepe

234 2182 542 2222 verecundiorem
559 2197 624 2223 me
641 2185 681 2222 in
695 2185 864 2237 loquend
866 2197 888 2223 o
905 2185 1010 2223 facis.
1040 2184 1147 2222 Mihi
1166 2184 1269 2222 enim
1286 2185 1352 2233 ju-

222 2235 396 2276 dicatum
423 2244 492 2287 est,
521 2238 551 2277 si
583 2238 698 2277 modo
730 2239 804 2277 hoc
835 2239 963 2278 Caesar
992 2245 1058 2276 aut
1084 2237 1253 2289 patietur
1281 2245 1349 2276 aut
