1501 2407
340 81 424 121 AD
452 79 751 120 DIVERSOS.
782 80 884 119 Lm.
915 81 991 120 IV.
1022 82 1059 119 4.
1209 84 1258 123 91

136 205 186 233 ex
202 191 247 232 ὠ
263 197 385 244 parte,
414 189 617 242 quatenuS,
638 195 705 227 aut
732 189 967 241 negligentia
986 197 1054 228 aut
1072 189 1259 240 improbi-

132 254 210 286 tate
230 258 363 286 eorum
391 244 459 296 qui
487 244 665 295 epistolas
692 243 893 295 accipiant,
922 244 1005 282 fieri
1034 245 1179 305 scribis,
1209 258 1258 285 ne

130 301 182 340 ad
199 313 268 339 nos
297 299 549 359 perferantur.
580 296 696 335 Illam
721 308 870 348 partem
890 298 1159 347 excusationis,
1181 300 1260 351 qua

132 361 172 393 te
201 354 332 394 scribis
358 352 538 391 orationis
570 360 795 413 paupertate
827 353 898 404 (sic
936 352 1040 390 enim
1069 353 1258 404 appellas)

130 408 266 447 iisdem
285 407 409 446 verbis
428 406 605 458 epistolas
625 406 762 457 saepius
774 407 940 452 mittere,
961 419 1031 445 nec
1049 419 1176 455 nosco,
1191 421 1261 447 000

127 464 258 515 probo.
289 462 344 500 Et
375 474 444 511 ego
474 461 568 512 ipse,
597 473 715 512 quem
745 469 788 498 tu
813 474 880 512 per
906 462 1039 510 jocum
1063 461 1134 513 (sic
1155 462 1259 500 enim

127 515 289 569 accipio)
321 515 472 554 divitias
492 514 671 552 orationis
700 515 840 553 habere
858 514 966 562 dicis,
986 528 1050 554 me
1079 528 1156 554 non
1177 530 1259 555 esse

129 573 333 610 verborum
363 568 575 607 admodum
600 569 755 620 inopem
785 582 975 620 agnosco:
1011 585 1059 618 ειρ
1066 586 1106 606 ur,
1113 571 1256 609 ευεσθαι

125 625 232 664 00101
261 637 340 663 non
370 636 520 662 necesse
550 630 632 661 est:
665 623 731 661 sed
763 631 891 661 tamen
925 623 1029 661 idem
1063 625 1151 676 (nec
1181 623 1256 663 hoc

128 676 409 729 ειρωιευομενος)
437 677 548 716 facile
566 676 658 716 cedo
677 685 834 716 tuorum
853 678 1083 729 scriptorum
1106 679 1257 717 subtili-

124 733 193 772 tati
212 743 250 771 et
268 731 477 784 elegantiae.

179 787 396 827 Consilium
414 795 543 833 tuum,
558 799 635 838 quo
650 794 687 825 te
705 799 837 835 11511111,
851 786 996 835 scribis,
1016 787 1089 826 hoc
1108 786 1254 826 Achai·-

124 854 216 880 cum
236 841 435 893 negotium
460 853 538 878 non
564 841 810 889 recusavisse,
831 854 920 879 cum
947 854 1097 892 semper
1115 844 1254 894 proba-

125 896 279 957 vissem,
300 903 386 933 tum
415 895 540 933 multo
558 895 681 956 magis
699 895 872 946 probavi,
902 896 1008 934 lectis
1026 896 1102 934 tuis
1121 897 1253 948 proxi-

122 951 198 988 mis
217 949 348 988 literis.
382 948 532 988 Omnes
560 949 664 987 enim
683 962 820 997 causae,
846 963 942 1001 quas
960 963 1251 998 commemoras,

121 1004 343 1054 justissimae
371 1011 474 1050 sunt,
504 1004 649 1054 tuaque
678 1011 714 1041 et
743 1004 966 1042 auctoritate
994 1014 1030 1042 et
1048 1004 1253 1065 prudentia

125 1058 371 1120 dignissimae.
403 1057 522 1104 Quod
541 1058 651 1096 aliter
670 1057 844 1096 cecidisse
863 1071 944 1096 rem
964 1059 1173 1104 existimas,
1194 1067 1253 1097 at-

126 1126 202 1165 que
220 1112 398 1164 opinatus
418 1111 481 1158 sis,
502 1111 542 1149 id
567 1112 639 1150 tibi
667 1112 776 1150 nullo
795 1112 910 1150 modo
929 1113 1124 1151 assentior.
1159 1113 1251 1162 Sed,

124 1166 218 1219 quia
236 1174 342 1205 tanta
359 1166 595 1218 perturbatio
610 1174 646 1203 et
666 1166 836 1204 confusio
857 1174 912 1204 est
930 1179 1074 1213 rerum,
1094 1167 1149 1206 ita
1166 1181 1253 1220 per-

123 1221 229 1260 011153
246 1228 283 1259 et
300 1228 487 1272 prostrata
505 1219 713 1258 foedissimo
727 1221 829 1258 bello
845 1221 974 1281 jacent
992 1222 1135 1283 omnia,
1158 1230 1200 1260 ut
1218 1222 1252 1260 is

121 1275 262 1327 cuique
284 1275 404 1322 100115,
431 1274 501 1312 ubi
527 1274 607 1325 ipse
635 1274 696 1320 sit,
721 1282 759 1312 et
782 1274 855 1313 sibi
883 1275 1061 1326 quisque,
1082 1276 1251 1314 miserri-

119 1341 209 1368 mus
228 1342 307 1368 esse
325 1329 528 1367 videatur·
517 1357 528 1373 ,
560 1337 759 1379 propterea
774 1338 811 1367 et
832 1328 891 1366 tui
911 1337 946 1367 te
961 1330 1108 1367 consilii
1128 1331 1250 1381 poeni-

118 1390 187 1431 tet,
209 1391 246 1423 et
263 1396 346 1431 nos,
367 1383 436 1435 qui
455 1382 560 1420 domi
583 1395 732 1430 sumuS‚
754 1383 824 1421 tibi
842 1383 946 1421 beati
971 1383 1148 1422 videmur
1166 1399 1175 1422 :
1208 1392 1248 1423 at

117 1446 250 1477 contra
278 1437 402 1484 nobis,
424 1449 502 1475 non
525 1445 569 1475 tu
597 1436 755 1488 quidem
781 1450 924 1476 vacuus
949 1438 1148 1487 molestiis,
1180 1438 1246 1478 sed

118 1505 199 1545 prae
216 1492 326 1531 nobis
338 1493 486 1530 beatus.
1174 1540 1177 1543 Ι

172 1547 308 1599 Atque
325 1547 398 1585 1100
421 1546 505 1598 ipso
532 1546 669 1585 melior
696 1553 751 1585 est
779 1553 846 1585 tua
871 1560 990 1599 quam
1008 1555 1137 1587 nostra
1156 1561 1246 1587 000-

119 1600 228 1649 ditio,
249 1600 354 1653 quod
377 1608 436 1648 tu,
457 1600 553 1653 quid
578 1601 718 1650 doleat,
747 1601 911 1640 scribere
937 1602 1074 1664 audes,
1099 1615 1169 1641 nos
1197 1616 1246 1642 ne

118 1654 160 1694 id
180 1656 338 1707 quidem
357 1662 441 1694 tuto
459 1667 691 1716 possumus:
722 1667 792 1694 1100
810 1655 851 1693 id
871 1655 1021 1695 victoris
1040 1657 1146 1704 vitio,
1168 1670 1246 1708 quo

50 1730 55 1733 .
118 1709 216 1748 nihil
234 1709 480 1756 moderatius,
512 1709 613 1748 sed
602 1709 723 1761 1psius
750 1709 929 1757 victoriae,
960 1724 1047 1762 quae
1069 1711 1246 1751 civilibus

114 1764 226 1802 bellis
246 1777 395 1816 semper
425 1771 480 1802 est
498 1763 676 1802 insolens.
711 1764 802 1802 Uno
821 1774 859 1802 te
877 1764 1052 1812 vicimus,
1074 1765 1178 1817 quod
1197 1765 1245 1804 de

116 1817 309 1865 Marcelli,
329 1818 484 1869 collegae
513 1818 585 1866 tui,
613 1818 734 1856 salute
761 1818 878 1869 paulo
902 1827 1005 1867 ante,
1035 1832 1154 1871 quarn
1181 1826 1242 1868 tu,

109 1872 393 1923 -0ognovimus3
425 1872 541 1910 etiam
571 1871 825 1925 (mehercule)
851 1873 969 1924 quod,
990 1873 1243 1935 quemadmo-

114 1924 211 1964 dum
230 1940 274 1966 ae
297 1939 356 1965 res
382 1934 571 1988 ageretur,
597 1926 777 1965 vidimus.
810 1928 918 1965 Nam
941 1928 994 1966 510
1022 1927 1082 1966 fac
1112 1928 1242 1966 exim·-

108 1990 223 2019 -1005-
253 1988 341 2033 post
357 1980 428 2019 has
445 1981 631 2043 miserias,
652 1980 693 2018 id
712 1988 782 2028 est,
802 1989 1009 2033 postquam
1028 1981 1145 2020 armis
1164 1981 1242 2020 dis-

115 2035 259 2085 ceptari
276 2042 444 2086 coeptum
463 2042 520 2073 est
536 2034 614 2073 (10
599 2048 687 2084 Jure
704 2035 875 2087 publico,
895 2036 994 2073 nihil
1013 2049 1092 2074 esse
1110 2044 1241 2074 actum

109 2088 227 2128 aliud
243 2101 334 2128 cum
360 2088 559 2140 dignitate.
593 2089 702 2127 Nam
724 2097 762 2128 et
787 2089 869 2141 ipse
892 2089 1034 2137 Caesar,
1066 2089 1242 2128 accusata

120 2143 321 2182 acerbitate
338 2142 518 2182 Marcelli
538 2143 611 2195 (510
622 2143 724 2182 00101
739 2142 992 2196 appellabat),
1007 2143 1241 2195 laudataque

108 2196 498 2237 honorificentissime
516 2205 554 2237 et
581 2198 760 2250 aequitate
784 2198 852 2238 tua
879 2204 917 2237 et
934 2197 1152 2251 prudentia,
1181 2209 1240 2236 10-
