1501 2407
178 101 230 138 20
408 97 493 138 AD
522 96 820 138 DIVERSOS.
850 97 1008 165 1111331.
1037 101 1077 139 9.

181 206 278 245 mihi
295 207 487 256 futurum,
500 206 665 259 gaudere
679 220 718 245 se
736 206 899 246 aiebant.
928 207 1026 246 Erat
1037 207 1111 246 hoc
1120 206 1220 246 mihi
1231 206 1300 246 do-

180 261 340 300 lendum
356 276 367 300 2
409 262 474 300 sed
503 262 628 299 multo
659 261 757 299 illud
793 262 930 313 magis,
961 261 1066 314 quod
1102 261 1304 300 inimicum

183 328 314 353 meum
340 319 490 359 (meum
509 315 668 354 autem?
710 315 832 354 immo
850 329 939 354 vero
965 317 1112 367 legum,
1138 315 1304 365 judicio-

182 382 285 418 rum,
311 370 393 417 otii,
417 370 564 421 patriae,
592 371 782 408 bonorum
805 369 999 418 omnium)
1026 369 1079 408 sic
1106 370 1305 421 amplexa-

181 424 336 472 bantur,
357 424 410 462 sic
436 424 478 462 in
504 423 684 462 manibus
709 424 916 472 habebant,
937 424 989 462 sic
1015 423 1210 471 fovebant,
1235 422 1303 470 sic,

184 490 249 515 me
268 485 468 529 praesente,
481 477 751 516 osculabantur
767 492 779 524 3
805 491 882 516 non
901 478 960 516 illi
978 477 1137 530 quidem
1151 485 1196 516 ut
1210 477 1310 515 mihi

183 532 423 570 stomachum
441 532 621 580 facerent,
642 545 759 583 quem
779 545 848 584 ego
865 532 1040 570 funditus
1058 531 1222 583 perdidi,
1239 531 1304 570 sed

183 594 281 624 certe
299 594 344 625 ut
361 587 483 625 facere
508 599 547 624 se
571 586 855 624 arbitrarentur.
894 586 976 625 Hic
1001 599 1085 638 ego,
1112 592 1304 637 quantum

182 639 354 679 humano
378 640 533 679 consilio
563 640 708 679 efficere
737 640 859 691 potui,
891 639 1170 691 circumspectis
1191 641 1305 678 rebus

182 694 279 732 meis
308 695 505 743 omnibus,
541 694 827 746 rationibusque
858 694 1068 742 subductis,
1107 706 1304 732 summam

181 747 254 786 feci
281 749 557 800 cogitationum
583 761 759 787 mearum
783 748 987 795 omnium3
1017 760 1137 800 quam
1161 747 1246 798 tibi,
1271 747 1305 786 si

184 810 329 854 potero,
349 803 512 842 breviter
530 815 733 854 exponam.

237 856 339 908 Ego,
360 857 392 895 si
410 859 458 895 ab
477 856 662 908 improbis
681 863 718 894 et
735 855 892 908 perditis
917 855 1064 895 civibus
1089 856 1304 907 rempubli-

183 923 268 949 cam
286 912 406 949 teneri
424 911 606 959 viderem,
620 910 716 949 sicut
733 919 772 949 et
788 910 884 949 meis
901 909 1137 962 temporibus
1147 910 1304 960 scimus,

182 973 220 1002 et
238 965 433 1003 nonnullis
447 965 531 1003 aliis
545 965 720 1003 accidisse
733 965 947 1016 accepimus
961 978 973 1011 ;
994 977 1072 1003 non
1082 964 1197 1003 modo
1209 978 1306 1016 prae-

182 1019 270 1057 miis
290 1022 394 1071 (quae
413 1019 517 1071 apud
541 1032 605 1057 me
627 1019 837 1057 minimum
855 1019 1016 1068 valent),
1046 1018 1113 1057 sed
1134 1030 1184 1057 ne
1204 1019 1306 1070 peri-

183 1073 278 1112 culis
293 1073 449 1125 quidem
468 1074 689 1125 compulsus
713 1073 804 1112 ullis
824 1073 982 1124 (quibus
999 1080 1129 1112 tamen
1145 1085 1305 1112 moven-

183 1134 247 1165 tur
266 1128 382 1166 etiam
396 1127 591 1166 fortissimi
603 1127 705 1175 viri),
719 1127 768 1165 ad
780 1140 913 1166 eorum
925 1140 1080 1166 causam
1091 1140 1155 1165 me
1166 1127 1306 1177 adjun-

183 1195 340 1233 gerem,
330 1196 339 1205 ·
370 1194 418 1220 ne
444 1182 476 1220 si
501 1194 654 1220 summa
681 1181 838 1232 quidem
861 1194 994 1220 eorum
1018 1182 1060 1219 in
1082 1194 1146 1219 me
1167 1182 1306 1220 merita

183 1243 408 1274 constarent.
447 1236 550 1275 Cum
579 1243 708 1274 autem
727 1236 768 1273 in
786 1234 982 1287 republica
1000 1235 1074 1274 Cn.
1094 1235 1306 1287 Pompeius

183 1290 358 1342 princeps
377 1297 486 1337 esset,
506 1289 564 1328 vir
581 1290 626 1333 is,
644 1289 713 1341 qui
737 1290 836 1328 hanc
854 1289 1067 1341 potentiam
1087 1297 1124 1328 et
1141 1290 1306 1351 gloriam

183 1344 363 1382 maximis
382 1344 422 1382 in
442 1344 719 1395 rempublicam
737 1344 897 1391 meritis,
910 1343 1308 1396 praestantissimisque

185 1399 298 1436 rebus
323 1398 452 1449 gestis,
474 1406 569 1436 esset
588 1405 824 1445 consecutus,
844 1399 1032 1450 cujusque
1051 1411 1122 1449 ego
1141 1398 1308 1449 dignita-

184 1451 232 1490 tis
243 1454 291 1490 ab
303 1452 554 1491 adolescentia
566 1451 733 1501 fautor,'
722 1464 763 1489 111
777 1453 945 1504 praetura
958 1460 1088 1491 autem
1101 1459 1138 1490 et
1156 1452 1198 1490 in
1216 1465 1308 1491 con-

184 1506 312 1544 sulatu
331 1507 482 1556 adjutor
500 1507 629 1555 etiam,
643 1506 898 1545 exstitissem·
886 1536 899 1552 ‚
921 1519 1088 1558 cumque
1100 1505 1204 1544 idem
1216 1519 1308 1545 auc-

183 1560 333 1599 toritate
352 1568 389 1599 et
408 1559 591 1599 sententia
609 1574 676 1612 per
696 1573 748 1608 se,
769 1561 933 1599 consiliis
953 1568 989 1599 et
1008 1560 1143 1599 studiis
1161 1568 1306 1622 tecum,

184 1626 247 1652 me
265 1614 485 1664 adjuvisset,
505 1628 715 1667 meumque
731 1615 934 1653 inimicum
951 1627 1077 1653 unum
1094 1614 1137 1652 in
1155 1614 1308 1654 civitate

184 1667 369 1707 haberet
358 1669 586 1715 mimicum3
615 1682 692 1707 non
711 1669 845 1721 putavi
870 1669 1016 1708 famam
1043 1669 1307 1708 inconstantiae

185 1722 283 1760 1111111
312 1723 665 1789 pertimescendam,
693 1724 738 1772 si,
766 1723 1000 1775 quibusdam
1029 1723 1070 1762 in
1097 1723 1305 1771 sententiis,

184 1777 346 1838 paulum
373 1790 437 1817 me
462 1778 743 1827 immutassem,
770 1791 976 1831 meamque
994 1779 1233 1816 voluntatem
1257 1776 1307 1816 ad

185 1831 328 1869 summi
346 1832 432 1882 viri,
451 1831 499 1870 de
517 1845 657 1884 meque
674 1832 818 1884 optime
836 1833 977 1883 meriti,
997 1832 1224 1884 dignitatem
1238 1844 1307 1884 ag-

185 1885 413 1937 gregassem.

239 1940 289 1978 In
314 1940 386 1979 hac
411 1939 597 1980 sententia
621 1940 929 1992 complectendus
951 1948 1030 1979 erat
1048 1940 1145 1978 mihi
1164 1938 1308 1989 Caesar,

184 1995 245 2036 (ut
263 1994 384 2043 vides)
416 1995 458 2032 in
488 1995 692 2046 conjuncta
720 2002 757 2033 et
785 1995 899 2033 causa
927 2003 963 2033 et
988 1995 1185 2046 dignitate.
1228 1994 1311 2033 Hic

186 2048 354 2087 multum
384 2050 506 2089 valuit
545 2062 634 2088 cum
665 2057 773 2088 vetus
799 2049 980 2096 amicitia,
1011 2062 1129 2100 quam
1157 2056 1200 2087 tu
1232 2061 1311 2086 non

184 2101 332 2152 ignoras
350 2103 446 2142 mihi
468 2111 504 2142 et
517 2103 575 2150 Q.
592 2103 699 2141 fratri
718 2116 807 2142 cum
820 2103 969 2142 Caesare
987 2104 1118 2151 fuisse,
1128 2110 1214 2141 tum
1232 2102 1310 2140 hu-

184 2156 346 2196 manitas
365 2159 448 2207 ejus
466 2171 510 2196 ac
527 2158 748 2204 liberalitas,
770 2157 874 2196 brevi
894 2166 1064 2209 tempore
1083 2164 1121 2195 et
1145 2156 1262 2195 literis
1277 2163 1314 2194 et

185 2209 312 2250 officiis
335 2221 533 2263 perspecta
550 2213 659 2252 nobis
674 2221 710 2251 et
731 2212 892 2262 cognita.
923 2212 1184 2251 Vehementer
1198 2210 1311 2250 etiam
