1501 2407
317 114 397 154 AD
426 114 723 155 DIVERSOS.
753 114 855 155 Lm.
884 113 938 152 ΙΙ.
973 114 1011 152 8.
1165 115 1217 154 39

99 235 189 265 sane
207 223 364 262 feliciter
382 231 421 262 et
439 236 486 262 ex
504 223 592 262 mea
611 223 798 262 sententia
816 234 897 261 rem
916 221 1116 274 gessimus,
1131 222 1220 260 unis

99 277 217 318 literis
235 278 351 316 totius
370 277 508 317 aestatis
526 290 584 316 res
612 285 735 330 gestas
753 277 802 316 ad
821 285 996 316 senatum
1014 275 1219 328 perscribe-

101 343 195 370 rem.

152 385 216 424 De
245 384 449 424 sacerdotio
480 393 549 424 tuo
571 392 767 437 *quantam
796 397 927 424 curam
961 383 1217 431 adhibuerim,

99 451 338 491 quamquam
357 439 500 477 difficili
522 439 564 477 in
586 452 627 477 re
651 447 766 490 atque
790 439 918 485 causa,
946 451 1146 489 cognosces
1170 451 1218 476 ex

99 493 144 532 iis
162 493 295 541 literis,
316 506 412 544 quas
430 493 659 539 Tharasoni,
680 494 816 532 liberto
835 501 916 540 tuo,
937 492 1035 530 dedi.
1066 492 1140 538 Te,
1160 492 1218 529 mi

99 547 232 595 Curio,
251 560 320 598 pro
339 548 408 585 tua
431 547 644 585 incredibili
667 547 708 585 in
736 560 799 584 me
817 546 1093 594 benevolentia,
1112 546 1220 584 mea-

99 614 176 653 que
193 601 286 640 item
303 601 344 638 in
364 608 400 639 te
418 601 617 652 singulari,
637 614 729 652 rogo
757 610 872 653 atque
891 613 972 649 oro,
992 612 1040 638 ne
1058 599 1217 651 patiare,

100 655 315 707 quidquam
344 655 442 693 mihi
479 655 528 693 ad
563 655 662 693 hauc
696 654 968 707 provincialem
1004 653 1221 691 molestiam

101 709 281 761 temporis
300 709 506 770 prorogari.
537 709 710 748 Praesens
736 716 864 747 tecum
885 708 959 759 egi,
986 721 1075 746 cum
1095 715 1133 745 te
1152 707 1221 749 tri-

100 765 251 813 bunum
269 763 391 814 plebis
409 764 482 802 isto
506 775 607 802 anno
625 763 705 801 fore
723 775 801 801 non
819 770 1021 823 putarem·
1052 761 1223 813 itemque

99 817 217 869 petivi
236 817 373 868 saepius
391 831 459 869 per
476 817 630 863 literas3
661 817 726 855 sed
756 824 841 854 tum
865 816 975 867 quasi
1001 829 1024 854 a
1049 824 1221 854 senatore

100 870 354 920 nobilissimo,
384 880 469 912 tum
499 871 733 910 adolescente
750 870 1048 921 gratiosissimo;
1078 882 1181 907 nunc
1200 882 1224 907 a

101 925 255 964 tribuno
273 925 409 976 plebis,
430 932 467 963 et
496 938 519 963 a
538 925 703 963 Curione
723 925 905 968 tribuno;
935 936 1011 962 non
1031 931 1076 961 ut
1094 924 1223 962 decer-

100 987 215 1017 natur
233 979 380 1030 aliquid
398 979 487 1017 novi
507 978 628 1030 (quod
642 979 735 1017 solet
754 990 834 1016 esse
853 977 1076 1025 difficilius),
1098 977 1164 1015 sed
1178 987 1223 1015 ut

100 1046 148 1072 ne
167 1033 262 1085 quid
275 1033 364 1071 novi
382 1032 630 1077 decernatur;
661 1040 697 1070 et
716 1040 761 1070 ut
778 1032 1166 1070 senatus-consultum
1186 1038 1224 1068 et

100 1087 202 1138 leges
233 1086 442 1133 defendas;
473 1099 593 1138 eaque
621 1086 719 1124 mihi
748 1085 912 1124 conditio
941 1094 1110 1134 maneat,
1143 1085 1223 1136 qu‘ssa

100 1141 292 1193 profectus
311 1154 410 1179 sum.
440 1141 529 1179 Hoc
540 1148 577 1178 te
591 1140 832 1179 vehementer
847 1139 962 1178 etiam
976 1146 1091 1191 atque
1107 1139 1222 1179 etiam

98 1208 202 1247 rogo.
232 1194 344 1235 Vale.

53 1391 55 1394 .
100 1343 186 1420 (3.)
206 1358 336 1399 ΜΤ.
357 1360 403 1399 c,
433 1358 793 1409 PRocoNsUL,
815 1358 1084 1400 M.COE1210
1104 1359 1143 1399 s.
1165 1357 1219 1398 D.

173 1465 498 1516 (Argumentum.
517 1489 573 1498 —
590 1464 654 1503 M.
693 1463 836 1503 Coelius
874 1465 1002 1515 (cujus
1039 1472 1095 1503 est
1131 1465 1227 1503 liber

103 1519 217 1560 VIII
253 1520 394 1558 harum
426 1519 690 1571 epistolarum)
733 1518 931 1570 scripserat
966 1519 1124 1557 leviores
1167 1531 1227 1558 res

102 1575 268 1613 urbanas
287 1573 475 1623 Ciceroni,
498 1572 546 1612 de
570 1572 804 1624 gladiatoriis
825 1572 941 1621 ludis,
962 1573 1143 1612 dilatione
1161 1586 1228 1611 va-

103 1627 279 1675 dimonii,
300 1634 337 1666 et
354 1627 468 1666 furtis
486 1627 696 1675 nonnullis,
718 1640 805 1678 quae
823 1627 952 1678 ipsum
969 1627 1067 1665 nihil
1085 1627 1225 1666 afficie-

104 1684 210 1721 bant.
240 1681 488 1733 Reprehensa⁴
507 1694 596 1732 ergo
614 1680 683 1719 illa
702 1680 916 1729 sedulitate,
943 1689 1086 1729 monet,
1106 1688 1151 1720 ut
1170 1694 1227 1720 se-

55 1777 60 1780 ,
106 1736 267 1774 veriores
286 1749 359 1784 res,
385 1749 502 1787 quem
521 1742 664 1773 statum
690 1742 800 1786 putet
822 1735 914 1786 reip.
934 1734 1111 1773 futurum
1131 1748 1225 1783 esse,

104 1791 322 1842 perscribat.
361 1790 502 1838 Addit,
519 1802 559 1827 se
577 1801 667 1828 cum
694 1789 879 1840 Pompeio
899 1788 1028 1836 fuisse,
1048 1789 1112 1828 cui
1131 1802 1169 1828 se
1186 1797 1233 1828 ut

109 1844 250 1883 Coelius
269 1844 347 1891 det,
367 1845 564 1889 hortatur-3
596 1850 632 1881 et
651 1856 741 1881 cum
756 1843 919 1882 Caninio
938 1843 1116 1882 Athenis.
1147 1843 1229 1882 De-

108 1898 225 1951 nique
244 1911 313 1936 sua
331 1897 604 1945 commendat.)

164 2005 274 2054 Quid
283 2005 302 2043 P
334 2013 377 2044 tu
391 2019 455 2045 me
473 2006 545 2045 hoc
560 2004 630 2043 tibi
644 2005 846 2044 mandasse
860 2005 1068 2052 existimas,
1082 2013 1126 2044 ut
1137 2006 1235 2045 mihi

112 2060 370 2111 gladiatorum
392 2059 699 2111 compositiones,
726 2067 770 2097 ut
793 2059 1012 2098 vadimonia
1036 2059 1169 2106 dilata,
1198 2068 1236 2098 et

113 2114 265 2153 Chresti
292 2114 601 2166 compilationem
630 2114 814 2160 mitteres,
849 2121 886 2151 et
907 2126 965 2161 ea,
997 2127 1084 2165 quae
1110 2115 1232 2161 nobis,

111 2181 203 2207 cum
236 2169 375 2207 Romae
406 2180 555 2216 sumus,
588 2180 757 2206 narrare·
773 2180 886 2206 nemo
915 2167 1086 2206 audeat?
1115 2168 1232 2216 vide,

112 2228 302 2274 quantum
318 2222 387 2262 tibi
400 2234 488 2260 meo
502 2220 646 2272 judicio
658 2221 825 2260 tribuam
842 2236 852 2260 ε
884 2227 985 2271 (nec,
1000 2221 1234 2270 mehercule,
