1501 2407
365 95 451 135 AD
480 94 783 136 DIVERSOS.
813 96 909 135 Lm.
934 96 985 136 V.
1021 98 1081 136 12.
1210 98 1284 137 131

160 206 335 246 Homero
345 203 496 245 Achilli
513 205 704 244 tributum
719 218 798 245 esse
812 205 911 244 dixit
925 219 938 252 3
960 206 1028 245 sed
1043 205 1160 245 etiam
1175 220 1291 258 grave

159 259 424 301 testimonium
468 259 709 312 impertitum
747 260 840 299 clari
870 260 1040 299 hominis
1080 261 1293 313 magnique

159 315 346 356 videatur.
390 315 524 354 Placet
549 315 653 353 enim
673 315 820 354 Hector
847 314 914 353 ille
938 315 1037 353 mihi
1062 315 1290 364 Naevianus,

158 370 229 423 qui
249 381 328 409 non
345 376 500 408 tantum
518 368 669 408 laudari
689 382 727 408 se
751 370 918 418 laetatur,
940 370 1006 408 sed
1034 370 1141 408 addit
1159 371 1291 420 etiam,

161 427 192 450 ‘⁶
211 438 236 464 a
248 424 405 464 laudato
419 424 544 463 viro.’'
573 424 693 472 Quod
707 424 739 463 si
753 438 777 463 a
795 432 832 463 te
851 437 928 462 non
943 425 1122 477 impetro,
1134 425 1207 464 hoc
1221 432 1292 474 est,

161 480 197 519 si
215 493 303 532 quae
321 486 360 519 te
377 492 437 518 res
454 478 672 531 impedierit
684 482 826 531 (neque
838 479 939 517 enim
953 479 1010 518 fas
1023 493 1102 518 esse
1116 480 1294 529 arbitror,

165 535 381 587 quidquam
395 547 460 572 me
478 540 678 585 rogantem
697 535 766 573 abs
786 542 822 573 te
841 547 919 573 non
938 533 1161 586 impetrare)
1182 548 1296 586 cogar

164 589 322 629 fortasse
340 589 477 636 facere,
498 588 603 641 quod
621 588 802 627 nonnulli
820 602 920 642 saepe
942 589 1293 640 reprehenderunt:

165 643 330 684 scribam
356 643 440 696 ipse
458 642 506 682 de
524 655 614 691 me,
602 656 613 666 ·
643 644 858 682 multorum
885 651 1017 682 tamen
1045 644 1237 696 exemplo,
1259 651 1296 682 et

162 699 357 739 clarorum
372 698 555 737 virorum.

219 753 297 793 Sed
320 752 443 806 (quod
467 760 505 792 te
529 764 606 791 non
630 751 749 804 fugit)
769 753 852 792 haec
879 761 970 793 sunt
996 753 1037 792 in
1065 753 1138 792 hoc
1159 765 1298 804 genere

165 807 284 848 vitia:
315 815 353 847 et
380 807 632 846 verecundius
660 807 733 858 ipsi
762 807 811 847 de
835 821 915 847 sese
942 808 1123 856 scribant,
1144 820 1297 847 necesse

166 870 238 911 est,
263 862 295 901 si
322 861 418 915 quid
440 869 497 901 est
520 860 789 908 laudandum3
820 870 858 901 et
874 870 1116 915 praetereant,
1144 862 1176 901 si
1200 862 1297 914 quid

165 916 524 970 reprehendendum
554 924 622 955 est.
658 891 822 955 Accedit
852 917 984 966 etiam,
1017 924 1063 956 ut
1093 917 1221 955 minor
1247 917 1297 956 sit

165 971 274 1021 fides,
294 971 422 1010 minor
437 970 667 1016 auctoritas;
688 971 805 1009 multi
818 971 984 1025 denique
1002 971 1297 1024 reprehendant,

164 1033 204 1066 et
222 1027 365 1075 dicant,
385 1025 672 1064 verecundiores
685 1039 764 1064 esse
774 1039 967 1078 praecones
985 1026 1168 1065 ludorum
1184 1040 1298 1078 gym-

164 1081 356 1129 nicorum,
370 1080 453 1132 qui,
467 1092 558 1118 cum
573 1080 716 1119 caeteris
731 1093 887 1120 coronas
906 1081 1160 1133 imposuerint
1178 1081 1297 1120 victo-

163 1136 285 1183 ribus,
307 1147 518 1187 eorumque
535 1134 695 1173 nomina
721 1136 867 1187 magna
886 1149 976 1174 voce
994 1134 1295 1187 pronuntiatint,

160 1203 252 1231 cum
269 1189 344 1242 ipsi
362 1197 451 1228 ante
468 1189 649 1227 ludorum
671 1189 895 1228 missionem
923 1190 1063 1229 corona
1084 1190 1294 1239 donentur,

161 1246 285 1284 alium
303 1256 520 1296 praeconem
546 1243 768 1293 adhibeant,
789 1256 838 1283 ne
857 1244 927 1283 sua
949 1257 1039 1284 voce
1065 1244 1140 1296 ipsi
1161 1258 1199 1283 se
1217 1245 1296 1284 vic-

161 1307 262 1339 tores
281 1312 360 1338 esse
377 1298 597 1350 praedicent.
632 1297 732 1336 Haec
749 1311 818 1337 nos
838 1299 957 1338 vitare
976 1299 1170 1350 cupimus,
1191 1306 1243 1347 et,
1264 1299 1296 1338 si

161 1353 298 1406 recipis
317 1366 474 1392 causam
488 1360 675 1402 nostram,
697 1352 929 1393 vitabimus:
960 1353 1078 1406 idque
1100 1361 1145 1392 ut
1163 1353 1294 1404 facias,

160 1421 355 1461 rogamus.

218 1464 295 1513 Ac,
314 1475 364 1501 ne
382 1462 480 1501 forte
497 1462 650 1513 mirere,
671 1475 753 1511 cur,
775 1475 865 1501 cum
882 1462 982 1501 mihi
1001 1475 1102 1515 saepe
1120 1463 1296 1502 ostende-

162 1518 230 1567 ris,
257 1526 296 1557 te
333 1517 615 1556 accuratissime
639 1524 859 1555 nostrorum
888 1525 1110 1569 temporum
1140 1518 1298 1557 consilia

163 1581 281 1626 atque
299 1579 458 1611 eventus
468 1572 588 1611 literis
599 1571 892 1619 mandaturum,
909 1585 932 1610 a
950 1580 988 1610 te
1005 1571 1047 1610 id
1064 1584 1170 1611 nunc
1187 1580 1297 1611 tanto

163 1641 278 1680 opere
297 1634 335 1666 et
352 1633 434 1665 tam
448 1626 584 1665 multis
602 1626 727 1665 verbis
744 1634 949 1678 petamus3
970 1626 1038 1665 illa
1056 1639 1126 1665 nos
1146 1627 1296 1679 cupidi-

162 1689 223 1721 tas
241 1681 425 1731 incendit,
441 1681 489 1720 de
508 1680 588 1733 qua
605 1680 716 1719 initio
734 1681 882 1733 scripsi,
902 1681 1168 1730 festinationis,
1189 1681 1296 1734 quod

159 1737 302 1776 alacres
321 1735 452 1775 animo
471 1748 631 1782 sumus;
661 1742 707 1773 ut
725 1743 763 1773 et
781 1735 920 1784 caeteri,
936 1735 1154 1774 viventibus
1167 1736 1294 1785 nobis,

160 1805 210 1832 ex
227 1790 348 1830 literis
361 1790 438 1830 tuis
451 1802 521 1829 nos
540 1797 784 1842 cognoscant,
805 1796 844 1829 et
857 1797 1007 1830 nosmet
1025 1789 1100 1842 ipsi
1118 1790 1196 1829 vivi
1209 1791 1295 1843 glo-

160 1846 257 1887 riola
275 1844 404 1884 nostra
421 1845 682 1897 perfruamur.

212 1900 289 1940 His
307 1899 356 1939 de
373 1901 487 1938 rebus
517 1898 613 1951 quid
637 1906 792 1938 acturus
810 1898 874 1948 sis,
895 1898 927 1938 si
944 1899 1016 1939 tibi
1033 1911 1112 1938 non
1132 1905 1188 1938 est
1205 1912 1292 1939 mo-

157 1957 315 2003 lestum,
335 1953 629 1993 rescribasmihi
653 1953 785 1993 velim.
827 1954 870 1993 Si
894 1953 998 1993 enim
1021 1953 1181 2006 suscipis
1200 1966 1292 1993 cau-

158 2024 258 2059 sam,
289 2008 489 2049 conficiam
517 2009 810 2048 commentarios
837 2021 967 2048 rerum
995 2009 1197 2048 omnium.
1188 2023 1198 2032 ·
1230 2009 1290 2048 sin

157 2073 290 2106 autem
308 2063 437 2102 differs
455 2075 520 2101 me
538 2062 581 2101 in
598 2069 753 2115 tempus
771 2062 893 2113 aliud,
923 2077 1052 2103 coram
1084 2070 1214 2103 tecum
1231 2063 1290 2102 lo-

155 2134 266 2174 quar.
295 2117 388 2158 Tu
377 2126 522 2157 interea
538 2129 618 2156 non
631 2117 819 2165 cessabis;
850 2125 888 2157 et
906 2131 965 2166 ea,
985 2132 1075 2172 quae
1091 2117 1239 2160 habes
1228 2130 1290 2157 m-

154 2175 303 2228 stituta,
318 2172 523 2229 perpolies,
542 2184 691 2227 nosque
709 2171 857 2227 diliges.
885 2173 1000 2216 Vale.
