1481 2422
326 83 410 123 AD
438 83 740 124 DIVERSOS.
768 84 870 123 Lm.
891 85 944 124 X.
978 85 1040 124 15.
1166 86 1246 131 297

171 191 212 232 O
230 199 382 244 gratam
399 193 546 232 famam
566 193 685 233 biduo
704 201 793 232 ante
815 194 1030 242 victoriam,
1055 193 1104 233 de
1123 195 1248 233 subsi-

118 245 182 286 dio
200 255 282 295 tuo,
306 246 354 285 de
383 248 524 297 studio,
552 248 600 287 de
627 249 831 298 celeritate,
856 249 904 287 de
926 249 1071 301 copiis!
1111 253 1248 311 Atque

117 301 234 341 etiam
251 302 426 340 hostibus
449 303 562 351 fusis,
589 316 676 355 spes
698 303 823 342 omnis
850 303 892 342 in
917 310 955 342 te
982 311 1051 341 est.
1087 304 1120 342 F
1123 317 1250 355 ugrsse

119 356 223 395 enim
242 370 290 395 ex
308 357 443 408 proelio
469 358 689 396 Mutinensi
716 357 898 396 dicuntur
921 358 1111 396 notissimi
1134 358 1251 397 latro-

118 422 216 449 num
234 411 361 450 duces.
391 412 466 450 Est
491 420 621 451 autem
646 425 724 451 non
746 413 877 451 minus
899 420 1055 464 gratum
1079 420 1252 451 extrema

119 465 259 514 delere,
287 479 405 518 quam
435 467 561 518 prima
588 466 788 518 depellere.
828 467 1026 519 Equidem
1055 476 1252 519 exspecta-

117 522 210 559 bam
226 521 309 569 jam
330 527 414 559 tuas
432 521 574 571 literas,
595 522 713 574 idque
732 535 822 560 cum
838 522 996 560 multis:
1028 524 1249 574 sperabam-

119 588 196 628 que
215 575 346 623 etiam,
368 575 579 628 Lepidum,
610 577 829 628 reipublicae
849 576 1088 628 temporibus
1114 576 1250 615 admo-

119 630 261 678 nitum,
282 637 410 668 tecum
429 631 650 683 reipublicae
669 631 759 669 satis
782 644 861 670 esse
885 631 1094 670 facturum.
1135 630 1184 669 In
1203 632 1251 669 il-

117 685 196 723 lam
224 684 343 736 igitur
367 698 499 723 curam
526 686 721 731 incumbe,
750 685 807 724 mi
836 686 994 732 Plance,
1023 693 1069 724 ut
1096 698 1145 724 ne
1174 699 1253 738 qua

119 739 285 778 scintilla
321 740 505 778 teterrimi
543 741 635 779 belli
667 740 918 792 relinquatur.
967 740 1087 788 Quod
1118 741 1149 778 si
1179 741 1251 779 erit

116 794 278 843 factum,
308 801 346 832 et
383 795 664 846 rempublicam
692 794 822 833 divino
847 795 1031 834 beneficio
1065 795 1247 844 affeceris,

118 849 260 943 {tlipse
285 855 468 888 aeternam
491 849 654 901 gloriam
672 847 916 902 consequere.
955 849 1009 888 D.
1038 849 1109 888 III
1139 850 1246 889 Non.

172 916 235 942 au.

306 1069 424 1122 (15.)
467 1070 732 1111 PLANCUS
763 1069 1060 1110 CICERONI.

173 1179 498 1230 (Argumentum.
513 1200 566 1210 -—-
578 1180 761 1228 Nuntiat,
774 1193 863 1232 quae
880 1180 931 1219 ad
949 1177 1250 1233 opprimendum

120 1234 342 1274 Antonium
357 1242 394 1275 et
412 1235 531 1288 egerit
550 1242 588 1273 et
605 1242 760 1274 acturus
778 1233 857 1286 sit.)

176 1343 253 1383 His
281 1344 400 1383 literis
432 1344 596 1397 scriptis,
626 1357 714 1396 quae
735 1352 867 1396 postea
892 1342 1129 1392 accidissent,
1158 1342 1252 1382 scire

121 1407 172 1448 te,
193 1399 244 1437 ad
262 1413 344 1438 rem
356 1400 554 1451 publicam
572 1399 707 1451 putavi
726 1399 927 1451 pertinere.
958 1398 1150 1438 Sedulitas
1164 1410 1252 1436 mea

122 1455 186 1507 (ut
204 1461 330 1506 spero)
346 1462 384 1493 et
401 1453 499 1492 mihi
517 1461 555 1492 et
573 1454 793 1516 reipublicae
812 1454 902 1492 tulit
919 1453 1103 1492 fructum.
1125 1453 1253 1491 Nam-

120 1521 197 1561 que
215 1509 376 1550 assiduis
395 1509 641 1547 internuntiis
660 1521 749 1546 cum
769 1508 921 1560 Lepido
936 1509 1011 1560 egi,
1031 1515 1090 1556 ut,
1110 1506 1253 1546 omissa

120 1563 228 1602 omni
253 1563 507 1612 contentione,
537 1563 855 1616 reconciliataque
884 1563 1080 1602 voluntate
1106 1562 1253 1609 nostra,

120 1619 319 1656 communi
331 1618 487 1657 consilio
506 1618 727 1670 reipublicae
746 1625 1002 1657 succurreret:
1026 1630 1079 1664 se,
1100 1616 1253 1664 liberos,

120 1673 348 1725 Urbemque
375 1673 512 1725 pluris,
533 1686 652 1725 quam
671 1685 796 1711 unum
817 1672 1014 1725 perditum
1039 1672 1254 1721 abjectum-

121 1740 197 1779 que
215 1727 419 1776 latronem,
447 1733 623 1779 putaret:
655 1728 916 1780 obsequioque
941 1739 1043 1769 meo,
1063 1726 1096 1765 si
1118 1726 1172 1764 ita
1197 1725 1255 1763 fa-

121 1791 235 1829 ceret,
256 1782 306 1820 ad
324 1795 457 1821 omnes
476 1796 534 1821 res
552 1783 786 1820 abuteretur.

175 1836 326 1876 Profeci
344 1836 475 1888 itaque
492 1850 562 1889 per
579 1837 828 1875 Laterensem
851 1835 1147 1876 internuntium.
1186 1834 1254 1873 Fi-

121 1890 211 1930 dem
230 1891 329 1930 mihi
347 1891 466 1939 dedit,
493 1905 533 1930 se
550 1891 788 1939 Antonium,
813 1892 845 1931 si
871 1891 1073 1944 prohibere
1097 1889 1255 1942 provin-

120 1946 180 1985 cia
208 1959 280 1985 sua
303 1958 380 1984 non
406 1946 606 2008 potuisset,
635 1946 737 1984 bello
764 1954 1080 2007 persecuturum.
1112 1957 1189 1990 me,
1209 1951 1255 1981 ut

119 2001 305 2049 venirem,
344 2001 548 2053 copiasque
583 2002 871 2051 conjungerem,
910 2000 1083 2052 rogavit3
1133 2011 1256 2050 eoque

119 2055 256 2107 magis,
279 2055 384 2108 quod
404 2063 441 2094 et
459 2055 659 2094 Antonius
678 2056 727 2093 ab
751 2055 924 2107 equitatu
944 2056 1079 2093 firmus
1098 2065 1177 2091 esse
1195 2052 1255 2090 di-

119 2111 290 2158 cebatur,
320 2118 358 2149 et
383 2110 557 2162 Lepidus
580 2122 629 2148 ne
653 2109 886 2149 mediocrem
916 2109 1082 2171 quidem
1103 2106 1254 2159 equita-

115 2171 205 2203 tum
233 2165 412 2204 habebat.
450 2165 574 2213 Nam,
605 2164 723 2203 etiam
751 2177 800 2203 ex
828 2164 1021 2226 paucitate
1049 2163 1148 2212 ejus,
1171 2173 1251 2200 non

116 2219 250 2259 multis
280 2227 369 2259 ante
394 2218 545 2270 diebus,
574 2218 720 2269 decem,
742 2219 811 2271 qui
838 2218 976 2271 optimi
1003 2217 1171 2266 fuerant,
1199 2214 1250 2254 ad
