1501 2407
327 87 410 126 AD
440 87 735 128 DIVERSOS.
766 87 866 126 Lm.
896 87 956 127 ΙΙ.
984 89 1024 125 6.
1173 86 1225 133 37

111 194 395 246 requirendum.
426 196 629 234 Habemus
650 196 732 235 haec
750 195 905 242 omnia3
935 197 1124 234 bonorum
1143 201 1225 234 stu-

110 249 236 297 dium,
256 249 496 288 conciliatiun
513 264 560 288 ex
580 250 790 297 tribunatu,
806 257 959 301 propter
977 256 1144 288 nostram
1165 252 1228 292 (ut

110 315 220 354 spero
244 311 281 342 te
302 303 528 354 intelligere)
549 317 726 349 causam3
759 303 864 355 vulgi
888 316 931 341 ac
952 303 1227 349 multitudinis,

111 364 265 408 propter
294 358 615 408 magnificentiam
637 370 858 404 munerum,
884 357 1229 408 liberalitatemque

110 417 281 448 naturae:
308 411 520 460 juventutis
550 420 586 449 et
604 412 856 462 gratiosorum
874 411 914 448 in
939 410 1129 461 suffragiis
1148 418 1229 448 stu-

109 464 186 512 dia,
207 472 360 516 propter
378 465 497 516 ipsius
516 465 793 504 excellentem
782 478 823 502 in
846 478 890 503 eo
908 477 1044 515 genere
1062 464 1124 502 vel
1141 477 1228 515 gra-

110 518 204 556 tiam
238 519 299 557 vel
330 518 596 570 diligentiam:
641 527 809 557 nostram
839 518 1162 569 suffragationem,
1197 519 1229 556 si

108 572 239 610 minus
257 580 465 624 potentem,
490 581 529 611 at
553 575 752 624 probatam
782 580 927 620 tamen,
954 579 991 610 et
1005 573 1165 621 justam,
1190 580 1230 610 et

108 625 292 672 debitam,
309 634 346 665 et
363 634 562 678 propterea
579 627 736 665 fortasse
754 627 870 664 etiam
882 626 1099 677 gratiosam.
1128 625 1227 664 Dux

108 679 217 718 nobis
243 688 280 718 et
307 688 436 719 auctor
461 694 557 732 opus
583 688 652 728 est,
673 688 710 719 et
732 693 864 719 eorum
889 687 1104 727 ventorum,
1132 692 1228 731 quos

107 734 301 785 proposui,
332 734 546 772 moderator
571 735 745 786 quidam,
766 742 803 773 et
830 734 940 786 quasi
967 735 1224 785 gubernator·

107 787 178 838 qui
196 788 228 826 si
247 801 295 826 ex
313 789 492 827 omnibus
510 801 611 827 unus
630 788 818 840 optandus
833 797 944 838 esset,
964 800 1081 840 quem
1099 795 1227 826 tecum

107 841 277 880 conferre
295 854 507 893 possemus
527 855 603 881 non
621 842 862 881 haberemus.

162 895 442 943 Quamobrem,
469 897 499 934 si
522 910 585 935 me
606 909 830 944 memorem,
860 896 894 935 si
917 902 1085 947 gratum,
1106 895 1137 933 si
1159 897 1229 935 bo-

108 961 205 987 num
225 950 366 997 virum,
387 952 447 988 vel
469 963 517 988 ex
544 951 616 989 hoc
640 950 736 1002 ipso,
757 950 862 1001 quod
886 958 966 988 tam
985 949 1228 988 vehementer

106 1003 156 1041 de
175 1004 325 1042 Milone
342 1004 527 1050 laborem,
541 1004 757 1042 existimare
775 1012 906 1055 potes;
937 1004 969 1042 si
987 1003 1149 1054 dignum
1161 1003 1227 1042 de-

109 1057 226 1108 nique
245 1058 320 1095 tuis
338 1057 530 1096 beneficiis
557 1058 733 1108 judicas3
761 1057 834 1096 hoc
853 1071 876 1095 a
894 1066 931 1096 te
952 1064 1054 1109 peto,
1074 1065 1119 1096 ut
1137 1059 1228 1096 sub-

107 1111 235 1149 venias
253 1112 343 1150 huic
361 1124 457 1150 meae
472 1112 730 1160 sollicitudini,
751 1119 796 1150 ut
812 1112 903 1150 huic
920 1124 1017 1149 meae
1030 1111 1151 1159 laudi,
1167 1112 1227 1150 vel

105 1167 168 1208 (ut
186 1165 310 1203 verius
331 1165 474 1212 dicam)
493 1179 611 1217 prope
637 1165 765 1213 saluti,
786 1173 899 1204 tuum
921 1165 1093 1203 studium
1111 1140 1225 1203 dicos.

107 1218 198 1257 De
188 1232 270 1280 ipso
288 1219 339 1257 T.
360 1219 495 1257 Annio
519 1227 672 1257 tantum
697 1219 768 1257 tibi
785 1219 978 1270 polliceor,
1006 1226 1044 1256 te
1071 1219 1228 1268 majoris

106 1273 241 1321 31111111,
270 1273 481 1324 gravitatis,
507 1272 741 1320 constantiae,
766 1272 1115 1323 benevolentiaeque
1140 1286 1229 1323 erga

105 1332 157 1375 te,
189 1327 221 1365 si
246 1328 447 1378 complecti
469 1327 666 1366 hominem
697 1327 875 1375 volueris,
900 1326 1124 1364 habiturum
1148 1339 1228 1365 esse

104 1381 312 1420 neminem.
337 1381 445 1419 Mihi
463 1394 551 1420 vero
570 1389 723 1420 tantum
747 1381 904 1430 decoris,
924 1387 1077 1418 tantum
1099 1380 1227 1431 digni-

104 1435 193 1473 tatis
205 1435 439 1485 adjunxeris,
453 1443 498 1473 ut
516 1436 696 1474 eumdem
706 1442 745 1473 te
763 1435 872 1473 facile
890 1447 1093 1486 agnoscam
1111 1434 1228 1473 fuisse

106 1488 147 1526 in
165 1489 280 1528 laude
297 1502 400 1538 mea,
420 1490 489 1537 qui
507 1489 652 1527 fueris
641 1502 682 1527 in
702 1489 835 1527 salute.

158 1543 260 1594 Ego,
276 1543 318 1580 ni
337 1550 375 1582 te
387 1544 514 1582 videre
528 1544 678 1590 scirem,
692 1556 781 1582 cum
792 1542 842 1581 ad
859 1550 897 1581 te
914 1542 996 1581 haec
1010 1542 1225 1590 scriberem,

104 1606 296 1649 quantum
325 1597 440 1636 officii
465 1598 705 1644 sustinerem,
730 1604 962 1648 quantopere
991 1596 1088 1634 mihi
1114 1603 1226 1644 esset,

103 1651 145 1688 in
175 1651 248 1690 hac
268 1651 450 1702 petitione
475 1652 652 1698 Milonis,
679 1651 800 1699 omni,
829 1663 907 1689 non
929 1650 1045 1688 niodo
1070 1657 1227 1689 conten-

104 1705 221 1753 tione,
259 1705 326 1744 sed
362 1705 478 1744 etiam
513 1705 757 1743 dimicatione
789 1704 1077 1753 elaborandum,
1115 1705 1229 1755 plura

41 1781 45 1783 -
105 1759 321 1797 scriberem.
361 1760 481 1798 Nunc
510 1759 582 1797 tibi
610 1772 767 1797 omnem
795 1771 877 1797 rem
907 1765 1023 1809 atque
1053 1770 1224 1805 causam,

105 1825 246 1864 meque
259 1820 399 1861 totum,
413 1813 639 1852 commendo
653 1820 768 1864 atque
779 1812 898 1850 trado.
927 1813 1065 1850 Unum
1083 1812 1155 1850 hoc
1173 1812 1228 1851 sic

105 1866 271 1905 habeto:
303 1868 336 1906 si
354 1880 377 1905 a
400 1874 438 1906 te
461 1867 560 1906 hanc
584 1880 666 1905 rem
687 1865 905 1918 impetrfiro,
924 1878 988 1903 me
1005 1878 1115 1917 paene
1136 1866 1226 1916 plus

105 1919 191 1967 tibi,
212 1934 331 1972 quam
349 1921 423 1972 ipsi
441 1921 599 1968 Miloni,
620 1921 852 1959 debiturum.
882 1920 975 1958 Non
999 1920 1102 1958 enim
1127 1919 1226 1957 mihi

105 1981 186 2012 tam
215 1987 303 2013 mea
330 1976 432 2014 salus
456 1988 542 2014 cara
567 1975 642 2013 fuit
669 1976 726 2019 (in
752 1988 831 2026 qua
852 1974 1043 2026 praecipue
1064 1986 1153 2012 sum
1175 1975 1226 2012 ab

104 2027 172 2065 1110
199 2028 386 2078 adjutus),
410 2042 529 2080 quam
550 2029 671 2081 pietas
697 2029 780 2078 erit,
807 2028 848 2066 in
867 2027 1063 2066 referenda
1086 2027 1224 2079 gratia,

101 2081 287 2131 jucunda.
317 2083 419 2121 Eam
448 2090 578 2122 autem
608 2083 724 2123 unius
753 2082 810 2122 tui
832 2081 958 2122 studio
983 2094 1047 2121 me
1076 2080 1226 2132 assequi

105 2148 215 2186 posse
234 2135 394 2175 confido.
427 2137 537 2176 Vale.

163 2191 331 2242 (Epist.)
352 2201 457 2230 vox..
481 2202 511 2229 i.
925 2200 954 2228 E
