1481 2422
166 104 247 144 330
367 104 451 144 AD
478 103 777 151 DIVERSOS.
807 107 909 147 Lm.
929 106 1008 147 XI.
1033 109 1074 149 3.

170 229 242 269 tas,
263 234 353 260 cum
371 219 419 258 de
438 218 548 258 nobis
573 224 721 258 certum
749 217 812 267 sit,
838 230 908 258 nos
933 219 1130 272 quieturos
1143 220 1162 258 ἓ
1202 217 1296 257 Non

170 274 355 315 debemus
382 274 564 326 cuiquam
583 272 703 312 videri
731 273 897 312 nimium
928 273 1059 326 cupidi
1076 273 1178 322 vitae,
1206 285 1298 312 cum

170 330 338 369 accidere
356 329 467 368 nobis
481 328 579 366 nihil
598 327 716 379 possit
733 327 815 366 sine
833 328 999 380 pernicie
1018 336 1056 368 et
1073 327 1295 369 confusione

172 384 351 423 omnium
369 396 511 422 rerum.
541 383 653 422 Vale.

172 546 260 593 (3,)
287 543 518 584 BRUTUS
546 543 624 583 ET
654 544 900 592 CAssrUS‚
929 542 1154 582 PRAETT.
1184 541 1225 583 s.
1239 541 1294 581 D.

519 598 812 648 ANTONIO,
841 597 960 638 cos.

228 708 556 757 (Argumentum.
570 729 625 736 -—
641 706 939 746 Contumeliosis
956 714 995 746 et
1011 705 1228 747 minacibus
1251 706 1300 747 li-

169 762 260 801 teris
277 762 444 802 Antonii
461 761 692 814 respondent
707 761 855 801 fortiter
872 775 918 802 ac
934 759 1156 814 intrepide.)

223 871 263 910 S.
277 871 330 910 V.
347 873 397 911 Β.
414 873 464 911 Ε.
495 872 646 912 Literas
661 881 746 912 tuas
757 871 937 924 legimus,
953 870 1169 911 simillimas
1183 870 1297 911 edicti

167 927 241 974 tui,
261 928 568 977 contumeliosas,
587 927 769 976 minaces,
784 927 946 966 minime
957 927 1107 979 dignas,
1123 940 1211 979 quae
1225 940 1250 965 a
1260 934 1299 966 te

167 982 279 1020 nobis
297 983 552 1021 mitterentur.
585 983 684 1030 Nos,
706 982 869 1031 Antoni,
901 988 940 1020 te
970 980 1082 1020 nulla
1104 980 1297 1020 lacessivi-

167 1049 257 1076 mus
285 1037 444 1088 injuria,
469 1050 596 1090 neque
613 1037 846 1076 miraturum
864 1036 1111 1085 credidimus,
1131 1035 1178 1086 si,
1197 1048 1297 1088 prae-

167 1099 282 1140 tores,
303 1099 341 1131 et
360 1090 404 1131 ea
421 1092 607 1144 dignitate
625 1091 816 1139 homines,
845 1090 994 1143 aliquid
1023 1090 1145 1130 edicto
1163 1097 1298 1142 postu-

165 1145 352 1186 lassemus
377 1161 401 1186 a
418 1148 584 1186 consule.
624 1146 744 1194 Quod
769 1146 801 1185 si
832 1144 1059 1197 indignaris,
1086 1158 1199 1184 ausos
1218 1158 1298 1184 esse

166 1200 208 1239 id
226 1201 362 1250 facere,
382 1202 543 1241 concede
558 1201 682 1249 nobis,
697 1210 743 1240 ut
756 1200 970 1249 doleamus,
983 1213 1032 1238 ne
1050 1199 1123 1239 hoc
1137 1199 1297 1252 quidem

164 1257 235 1294 abs
254 1262 292 1294 te
311 1256 436 1296 Bruto
458 1264 495 1295 et
514 1256 645 1296 Cassio
663 1254 794 1294 tribui.
821 1255 929 1294 Nam
943 1254 991 1293 de
1003 1254 1214 1294 delectibus
1226 1254 1297 1294 ha.-

166 1310 271 1355 bitis,
292 1317 330 1349 et
348 1311 519 1363 pecuniis
538 1310 749 1362 imperatis,
769 1309 998 1349 exercitibus
1017 1309 1243 1358 sollicitatis,
1258 1317 1297 1348 et

164 1364 312 1403 nuntiis
329 1372 434 1404 trans
450 1378 558 1404 mare
576 1364 714 1412 missis,
742 1364 848 1416 quod
867 1372 904 1402 te
923 1372 1103 1426 quaenm}
1122 1377 1203 1404 esse
1226 1376 1295 1403 ne-

162 1432 257 1470 gas;
288 1431 358 1458 nos
377 1420 534 1472 quidem
550 1420 621 1458 tibi
639 1418 845 1465 credimus,
865 1418 1014 1470 optimo
1032 1418 1163 1458 animo
1181 1426 1218 1458 te
1236 1419 1293 1459 fe-

161 1474 281 1512 cisse.
312 1473 379 1512 sed
396 1482 527 1513 tamen
555 1486 682 1526 neque
711 1473 954 1524 agnoscimus
981 1473 1198 1526 quidquam
1228 1487 1293 1514 eo-

159 1541 277 1573 rum;
308 1536 346 1566 et
364 1536 402 1567 te
415 1529 619 1575 miramur,
634 1541 725 1566 cum
743 1527 827 1566 haec
851 1526 1008 1566 reticue
994 1527 1059 1577 is,
1079 1540 1157 1566 non
1175 1536 1291 1581 potu-

156 1581 230 1621 isse
249 1583 441 1622 continere
458 1557 698 1622 iracundiam
717 1590 841 1632 tuam,
861 1582 956 1634 quin
971 1582 1082 1622 nobis
1099 1583 1148 1623 de
1165 1594 1290 1625 morte

158 1636 321 1676 caaearis
340 1637 532 1687 objiceres.

212 1691 322 1730 Illud
339 1705 428 1731 vero
447 1691 779 1744 quemadmodum
807 1691 1010 1731 ferendum
1036 1693 1099 1742 sit,
1125 1700 1208 1734 tute
1225 1707 1289 1734 oo.

154 1746 260 1798 gita.
249 1759 260 1769 ·
291 1758 369 1784 non
393 1746 506 1786 licere
530 1746 771 1798 praetoribus,
803 1746 1012 1786 concordiae
1029 1761 1074 1786 ac
1101 1747 1288 1789 libertatis

155 1800 287 1848 causa,
308 1813 376 1852 per
395 1801 564 1839 edictum
583 1800 631 1839 de
649 1813 719 1840 suo
735 1801 822 1850 jure
836 1800 1028 1851 decedere,
1042 1802 1137 1855 quin
1152 1805 1287 1843 consul

153 1867 264 1894 arma
280 1855 462 1894 minetur.
494 1855 677 1903 Quorum
706 1855 847 1894 fiducia
873 1855 972 1895 nihil
997 1864 1054 1895 est
1080 1857 1185 1909 quod
1214 1871 1285 1898 nos

153 1918 306 1948 terreas.
336 1909 478 1962 Neque
497 1910 600 1948 enim
619 1910 740 1959 decet,
756 1917 824 1948 aut
843 1910 1020 1949 convenit
1037 1911 1163 1959 nobis,
1182 1912 1284 1965 peri-

153 1964 242 2003 culo
271 1964 343 2002 ulli
373 1964 598 2003 submittere
628 1964 806 2003 animum
837 1971 1040 2012 nostrum;
1070 1978 1196 2018 neque
1227 1974 1284 2007 ωε

152 2018 330 2057 Antonio
349 2017 638 2071 postulandum,
655 2027 699 2057 ut
717 2019 764 2058 iis
782 2018 959 2071 imperet,
980 2033 1148 2072 quorum
1166 2022 1284 2073 opera

151 2073 249 2111 liber
268 2081 337 2112 εει.

207 2127 292 2166 Nos
310 2127 342 2166 si
360 2127 436 2166 alia
454 2128 710 2175 hortarentur,
737 2136 781 2167 ut
807 2128 953 2167 bellum
973 2128 1084 2168 civile
1101 2130 1280 2170 suscitare

151 2181 352 2229 vellemus,
380 2182 500 2221 literae
531 2191 607 2222 tuae
631 2183 729 2222 nihil
758 2182 995 2234 proficerent.
1026 2184 1150 2222 Nulla
1174 2184 1276 2224 enim

150 2234 333 2277 minantis
351 2236 555 2277 auctoritas
573 2237 677 2290 apud
696 2237 834 2278 liberos
854 2244 920 2277 est.
954 2237 1029 2278 Sed
1045 2238 1204 2290 pulchre
1217 2238 1276 2278 in-
