<?xml version="1.0" encoding="UTF-8"?>
<!DOCTYPE html PUBLIC "-//W3C//DTD XHTML 1.0 Transitional//EN"
    "http://www.w3.org/TR/xhtml1/DTD/xhtml1-transitional.dtd">
<html xmlns="http://www.w3.org/1999/xhtml" xml:lang="en" lang="en">
 <head>
  <title>
</title>
<meta http-equiv="Content-Type" content="text/html;charset=utf-8" />
  <meta name='ocr-system' content='tesseract 3.04.00' />
  <meta name='ocr-capabilities' content='ocr_page ocr_carea ocr_par ocr_line ocrx_word'/>
</head>
<body>
  <div class='ocr_page' id='page_1' title='image "./operaern09ciceuoft_0175.png"; bbox 0 0 1501 2407; ppageno 0'>
   <div class='ocr_carea' id='block_1_1' title="bbox 314 94 1233 143">
    <p class='ocr_par' dir='ltr' id='par_1_1' title="bbox 314 94 1233 143">
     <span class='ocr_line' id='line_1_1' title="bbox 314 94 1233 143; baseline 0.004 -7"><span class='ocrx_word' id='word_1_1' title='bbox 314 96 402 137; x_wconf 87' lang='lat' dir='ltr'>AD</span> <span class='ocrx_word' id='word_1_2' title='bbox 427 94 729 136; x_wconf 82' lang='lat' dir='ltr'><strong>DIVERSOS.</strong></span> <span class='ocrx_word' id='word_1_3' title='bbox 761 95 862 135; x_wconf 83' lang='lat' dir='ltr'>L113.</span> <span class='ocrx_word' id='word_1_4' title='bbox 892 96 969 136; x_wconf 87' lang='lat' dir='ltr'>VI.</span> <span class='ocrx_word' id='word_1_5' title='bbox 1000 98 1038 143; x_wconf 84' lang='lat'>7.</span> <span class='ocrx_word' id='word_1_6' title='bbox 1158 100 1233 141; x_wconf 87' lang='lat'>161</span> 
     </span>
    </p>
   </div>
   <div class='ocr_carea' id='block_1_2' title="bbox 101 204 1234 1443">
    <p class='ocr_par' dir='ltr' id='par_1_2' title="bbox 107 204 1234 1015">
     <span class='ocr_line' id='line_1_2' title="bbox 115 204 1234 257; baseline 0.001 -11"><span class='ocrx_word' id='word_1_7' title='bbox 115 207 366 253; x_wconf 79' lang='lat' dir='ltr'>vinceremur,</span> <span class='ocrx_word' id='word_1_8' title='bbox 394 204 596 257; x_wconf 51' lang='lat' dir='ltr'>putassem</span> <span class='ocrx_word' id='word_1_9' title='bbox 625 216 702 243; x_wconf 82' lang='lat' dir='ltr'>non</span> <span class='ocrx_word' id='word_1_10' title='bbox 728 204 864 243; x_wconf 87' lang='lat' dir='ltr'>debere</span> <span class='ocrx_word' id='word_1_11' title='bbox 889 212 926 244; x_wconf 89' lang='lat' dir='ltr'>te</span> <span class='ocrx_word' id='word_1_12' title='bbox 950 205 1000 244; x_wconf 82' lang='lat' dir='ltr'>ad</span> <span class='ocrx_word' id='word_1_13' title='bbox 1025 207 1234 247; x_wconf 79' lang='lat' dir='ltr'>secundam</span> 
     </span>
     <span class='ocr_line' id='line_1_3' title="bbox 115 258 1231 310; baseline 0.001 -10"><span class='ocrx_word' id='word_1_14' title='bbox 115 261 309 300; x_wconf 80' lang='lat' dir='ltr'>fortunam</span> <span class='ocrx_word' id='word_1_15' title='bbox 325 261 423 298; x_wconf 86' lang='lat' dir='ltr'>bene</span> <span class='ocrx_word' id='word_1_16' title='bbox 441 265 620 310; x_wconf 85' lang='lat' dir='ltr'>paratum</span> <span class='ocrx_word' id='word_1_17' title='bbox 638 258 771 306; x_wconf 83' lang='lat' dir='ltr'>fuisse,</span> <span class='ocrx_word' id='word_1_18' title='bbox 793 258 990 298; x_wconf 78' lang='lat' dir='ltr'>adversam</span> <span class='ocrx_word' id='word_1_19' title='bbox 1008 260 1106 299; x_wconf 82' lang='lat' dir='ltr'>ferre</span> <span class='ocrx_word' id='word_1_20' title='bbox 1120 263 1231 301; x_wconf 90' lang='lat' dir='ltr'>nullo</span> 
     </span>
     <span class='ocr_line' id='line_1_4' title="bbox 115 313 1230 366; baseline 0 -12"><span class='ocrx_word' id='word_1_21' title='bbox 115 315 230 354; x_wconf 87' lang='lat' dir='ltr'>modo</span> <span class='ocrx_word' id='word_1_22' title='bbox 246 327 368 366; x_wconf 83' lang='lat' dir='ltr'>posse.</span> <span class='ocrx_word' id='word_1_23' title='bbox 404 313 656 365; x_wconf 84' lang='lat' dir='ltr'>Disputarem</span> <span class='ocrx_word' id='word_1_24' title='bbox 686 313 815 360; x_wconf 81' lang='lat' dir='ltr'>etiam,</span> <span class='ocrx_word' id='word_1_25' title='bbox 846 321 990 364; x_wconf 86' lang='lat' dir='ltr'>quanto</span> <span class='ocrx_word' id='word_1_26' title='bbox 1009 315 1141 354; x_wconf 86' lang='lat' dir='ltr'>solatio</span> <span class='ocrx_word' id='word_1_27' title='bbox 1160 317 1230 354; x_wconf 81' lang='lat' dir='ltr'>tibi</span> 
     </span>
     <span class='ocr_line' id='line_1_5' title="bbox 115 366 1229 418; baseline 0.001 -10"><span class='ocrx_word' id='word_1_28' title='bbox 115 368 340 408; x_wconf 73' lang='lat' dir='ltr'>conscientia</span> <span class='ocrx_word' id='word_1_29' title='bbox 357 367 415 406; x_wconf 91' lang='lat' dir='ltr'>tui</span> <span class='ocrx_word' id='word_1_30' title='bbox 432 367 537 415; x_wconf 84' lang='lat' dir='ltr'>facti,</span> <span class='ocrx_word' id='word_1_31' title='bbox 568 373 768 418; x_wconf 84' lang='lat' dir='ltr'>quantaeve</span> <span class='ocrx_word' id='word_1_32' title='bbox 795 366 1034 407; x_wconf 74' lang='lat' dir='ltr'>delectationi</span> <span class='ocrx_word' id='word_1_33' title='bbox 1055 369 1096 407; x_wconf 89' lang='lat' dir='ltr'>in</span> <span class='ocrx_word' id='word_1_34' title='bbox 1114 371 1229 409; x_wconf 82' lang='lat' dir='ltr'>rebus</span> 
     </span>
     <span class='ocr_line' id='line_1_6' title="bbox 113 420 1229 471; baseline 0.001 -10"><span class='ocrx_word' id='word_1_35' title='bbox 113 422 278 461; x_wconf 75' lang='lat' dir='ltr'>adversis</span> <span class='ocrx_word' id='word_1_36' title='bbox 294 422 414 460; x_wconf 86' lang='lat' dir='ltr'>literae</span> <span class='ocrx_word' id='word_1_37' title='bbox 432 434 510 460; x_wconf 84' lang='lat' dir='ltr'>esse</span> <span class='ocrx_word' id='word_1_38' title='bbox 527 421 718 460; x_wconf 85' lang='lat' dir='ltr'>deberent.</span> <span class='ocrx_word' id='word_1_39' title='bbox 759 420 1125 471; x_wconf 85' lang='lat' dir='ltr'>Commemorarem,</span> <span class='ocrx_word' id='word_1_40' title='bbox 1150 436 1229 462; x_wconf 88' lang='lat' dir='ltr'>non</span> 
     </span>
     <span class='ocr_line' id='line_1_7' title="bbox 112 475 1229 524; baseline 0.001 -9"><span class='ocrx_word' id='word_1_41' title='bbox 112 477 237 515; x_wconf 71' lang='lat' dir='ltr'>solum</span> <span class='ocrx_word' id='word_1_42' title='bbox 254 484 441 524; x_wconf 82' lang='lat' dir='ltr'>veterum,</span> <span class='ocrx_word' id='word_1_43' title='bbox 462 475 528 514; x_wconf 86' lang='lat' dir='ltr'>sed</span> <span class='ocrx_word' id='word_1_44' title='bbox 545 475 683 513; x_wconf 89' lang='lat' dir='ltr'>horum</span> <span class='ocrx_word' id='word_1_45' title='bbox 699 475 814 513; x_wconf 82' lang='lat' dir='ltr'>etiam</span> <span class='ocrx_word' id='word_1_46' title='bbox 832 477 1056 524; x_wconf 84' lang='lat' dir='ltr'>recentium,</span> <span class='ocrx_word' id='word_1_47' title='bbox 1079 477 1138 515; x_wconf 82' lang='lat' dir='ltr'>vel</span> <span class='ocrx_word' id='word_1_48' title='bbox 1156 477 1229 516; x_wconf 90' lang='lat' dir='ltr'>du-</span> 
     </span>
     <span class='ocr_line' id='line_1_8' title="bbox 111 529 1228 580; baseline 0.002 -11"><span class='ocrx_word' id='word_1_49' title='bbox 111 543 201 569; x_wconf 87' lang='lat' dir='ltr'>cum</span> <span class='ocrx_word' id='word_1_50' title='bbox 218 531 278 569; x_wconf 91' lang='lat' dir='ltr'>vel</span> <span class='ocrx_word' id='word_1_51' title='bbox 297 529 480 569; x_wconf 80' lang='lat' dir='ltr'>comitum</span> <span class='ocrx_word' id='word_1_52' title='bbox 499 538 670 578; x_wconf 87' lang='lat' dir='ltr'>tuorum,</span> <span class='ocrx_word' id='word_1_53' title='bbox 688 529 928 580; x_wconf 80' lang='lat' dir='ltr'>gravissimos</span> <span class='ocrx_word' id='word_1_54' title='bbox 948 543 1065 570; x_wconf 84' lang='lat' dir='ltr'>casus.</span> <span class='ocrx_word' id='word_1_55' title='bbox 1095 531 1228 571; x_wconf 80' lang='lat' dir='ltr'>Etiam</span> 
     </span>
     <span class='ocr_line' id='line_1_9' title="bbox 111 582 1228 624; baseline 0.001 -1"><span class='ocrx_word' id='word_1_56' title='bbox 111 594 285 623; x_wconf 83' lang='lat' dir='ltr'>externos</span> <span class='ocrx_word' id='word_1_57' title='bbox 302 584 445 622; x_wconf 90' lang='lat' dir='ltr'>multos</span> <span class='ocrx_word' id='word_1_58' title='bbox 464 584 583 621; x_wconf 83' lang='lat' dir='ltr'>claros</span> <span class='ocrx_word' id='word_1_59' title='bbox 596 582 694 622; x_wconf 84' lang='lat' dir='ltr'>viros</span> <span class='ocrx_word' id='word_1_60' title='bbox 707 583 957 622; x_wconf 78' lang='lat' dir='ltr'><strong>nominarem.</strong></span> <span class='ocrx_word' id='word_1_61' title='bbox 988 585 1112 623; x_wconf 84' lang='lat' dir='ltr'>Levat</span> <span class='ocrx_word' id='word_1_62' title='bbox 1124 586 1228 624; x_wconf 86' lang='lat' dir='ltr'>enim</span> 
     </span>
     <span class='ocr_line' id='line_1_10' title="bbox 110 636 1228 689; baseline 0.002 -13"><span class='ocrx_word' id='word_1_63' title='bbox 110 638 282 677; x_wconf 88' lang='lat' dir='ltr'>dolorem</span> <span class='ocrx_word' id='word_1_64' title='bbox 300 637 516 677; x_wconf 85' lang='lat' dir='ltr'>communis</span> <span class='ocrx_word' id='word_1_65' title='bbox 540 638 651 689; x_wconf 89' lang='lat' dir='ltr'>quasi</span> <span class='ocrx_word' id='word_1_66' title='bbox 674 636 770 687; x_wconf 80' lang='lat' dir='ltr'>legis</span> <span class='ocrx_word' id='word_1_67' title='bbox 788 644 824 675; x_wconf 85' lang='lat' dir='ltr'>et</span> <span class='ocrx_word' id='word_1_68' title='bbox 842 638 1023 677; x_wconf 86' lang='lat' dir='ltr'>humanae</span> <span class='ocrx_word' id='word_1_69' title='bbox 1041 639 1228 678; x_wconf 86' lang='lat' dir='ltr'>conditio-</span> 
     </span>
     <span class='ocr_line' id='line_1_11' title="bbox 110 691 1227 744; baseline 0.002 -14"><span class='ocrx_word' id='word_1_70' title='bbox 110 692 171 730; x_wconf 87' lang='lat' dir='ltr'>nis</span> <span class='ocrx_word' id='word_1_71' title='bbox 197 692 419 732; x_wconf 73' lang='lat' dir='ltr'>recordatio.</span> <span class='ocrx_word' id='word_1_72' title='bbox 456 692 703 743; x_wconf 77' lang='lat' dir='ltr'>Exponerem</span> <span class='ocrx_word' id='word_1_73' title='bbox 735 691 865 739; x_wconf 81' lang='lat' dir='ltr'>etiam,</span> <span class='ocrx_word' id='word_1_74' title='bbox 899 693 1227 744; x_wconf 79' lang='lat' dir='ltr'>quemadmodum</span> 
     </span>
     <span class='ocr_line' id='line_1_12' title="bbox 110 744 1228 798; baseline 0.002 -14"><span class='ocrx_word' id='word_1_75' title='bbox 110 745 189 795; x_wconf 80' lang='lat' dir='ltr'>hic,</span> <span class='ocrx_word' id='word_1_76' title='bbox 210 753 249 785; x_wconf 83' lang='lat' dir='ltr'>et</span> <span class='ocrx_word' id='word_1_77' title='bbox 266 747 412 798; x_wconf 63' lang='lat' dir='ltr'>quanti).</span> <span class='ocrx_word' id='word_1_78' title='bbox 429 745 470 783; x_wconf 90' lang='lat' dir='ltr'>in</span> <span class='ocrx_word' id='word_1_79' title='bbox 488 744 615 794; x_wconf 68' lang='lat' dir='ltr'>turbzi,</span> <span class='ocrx_word' id='word_1_80' title='bbox 635 746 855 797; x_wconf 59' lang='lat' dir='ltr'>quantaque</span> <span class='ocrx_word' id='word_1_81' title='bbox 871 746 912 784; x_wconf 86' lang='lat' dir='ltr'>in</span> <span class='ocrx_word' id='word_1_82' title='bbox 927 747 1149 786; x_wconf 82' lang='lat' dir='ltr'>confusione</span> <span class='ocrx_word' id='word_1_83' title='bbox 1166 762 1228 786; x_wconf 88' lang='lat' dir='ltr'>re-</span> 
     </span>
     <span class='ocr_line' id='line_1_13' title="bbox 109 800 1228 847; baseline 0.002 -9"><span class='ocrx_word' id='word_1_84' title='bbox 109 813 198 838; x_wconf 84' lang='lat' dir='ltr'>rum</span> <span class='ocrx_word' id='word_1_85' title='bbox 217 801 406 847; x_wconf 87' lang='lat' dir='ltr'>omnium,</span> <span class='ocrx_word' id='word_1_86' title='bbox 427 800 652 838; x_wconf 84' lang='lat' dir='ltr'>viveremus.</span> <span class='ocrx_word' id='word_1_87' title='bbox 692 800 857 838; x_wconf 79' lang='lat' dir='ltr'>Necesse</span> <span class='ocrx_word' id='word_1_88' title='bbox 882 808 938 838; x_wconf 88' lang='lat' dir='ltr'>est</span> <span class='ocrx_word' id='word_1_89' title='bbox 957 801 1059 840; x_wconf 88' lang='lat' dir='ltr'>enim</span> <span class='ocrx_word' id='word_1_90' title='bbox 1077 802 1228 841; x_wconf 91' lang='lat' dir='ltr'>minore</span> 
     </span>
     <span class='ocr_line' id='line_1_14' title="bbox 109 854 1226 906; baseline 0.002 -14"><span class='ocrx_word' id='word_1_91' title='bbox 109 854 293 893; x_wconf 54' lang='lat' dir='ltr'>desiderio</span> <span class='ocrx_word' id='word_1_92' title='bbox 310 854 459 906; x_wconf 82' lang='lat' dir='ltr'>perdita</span> <span class='ocrx_word' id='word_1_93' title='bbox 476 854 673 905; x_wconf 76' lang='lat' dir='ltr'>republica</span> <span class='ocrx_word' id='word_1_94' title='bbox 690 866 826 901; x_wconf 82' lang='lat' dir='ltr'>carere,</span> <span class='ocrx_word' id='word_1_95' title='bbox 858 868 977 906; x_wconf 85' lang='lat' dir='ltr'>quam</span> <span class='ocrx_word' id='word_1_96' title='bbox 1005 856 1118 894; x_wconf 64' lang='lat' dir='ltr'>bona„</span> <span class='ocrx_word' id='word_1_97' title='bbox 1148 856 1226 896; x_wconf 86' lang='lat' dir='ltr'>Sed</span> 
     </span>
     <span class='ocr_line' id='line_1_15' title="bbox 108 907 1227 960; baseline 0.003 -14"><span class='ocrx_word' id='word_1_98' title='bbox 108 907 182 947; x_wconf 90' lang='lat' dir='ltr'>hoc</span> <span class='ocrx_word' id='word_1_99' title='bbox 211 920 348 960; x_wconf 82' lang='lat' dir='ltr'>genere</span> <span class='ocrx_word' id='word_1_100' title='bbox 376 908 474 946; x_wconf 88' lang='lat' dir='ltr'>nihil</span> <span class='ocrx_word' id='word_1_101' title='bbox 501 921 598 960; x_wconf 83' lang='lat' dir='ltr'>opus</span> <span class='ocrx_word' id='word_1_102' title='bbox 627 915 693 946; x_wconf 79' lang='lat' dir='ltr'>est.</span> <span class='ocrx_word' id='word_1_103' title='bbox 724 908 964 947; x_wconf 82' lang='lat' dir='ltr'>Incolumem</span> <span class='ocrx_word' id='word_1_104' title='bbox 993 917 1031 948; x_wconf 90' lang='lat' dir='ltr'>te</span> <span class='ocrx_word' id='word_1_105' title='bbox 1062 909 1150 959; x_wconf 87' lang='lat' dir='ltr'>cito,</span> <span class='ocrx_word' id='word_1_106' title='bbox 1179 918 1227 949; x_wconf 85' lang='lat' dir='ltr'>ut</span> 
     </span>
     <span class='ocr_line' id='line_1_16' title="bbox 107 961 994 1015; baseline -0.001 -13"><span class='ocrx_word' id='word_1_107' title='bbox 107 975 230 1015; x_wconf 78' lang='lat' dir='ltr'>spem,</span> <span class='ocrx_word' id='word_1_108' title='bbox 250 962 312 1001; x_wconf 79' lang='lat' dir='ltr'>vel</span> <span class='ocrx_word' id='word_1_109' title='bbox 327 962 468 1014; x_wconf 85' lang='lat' dir='ltr'>potius,</span> <span class='ocrx_word' id='word_1_110' title='bbox 487 971 532 1000; x_wconf 91' lang='lat' dir='ltr'>ut</span> <span class='ocrx_word' id='word_1_111' title='bbox 549 961 748 1013; x_wconf 83' lang='lat' dir='ltr'>perspiciO,</span> <span class='ocrx_word' id='word_1_112' title='bbox 768 962 994 1002; x_wconf 78' lang='lat' dir='ltr'>videbimus.</span> 
     </span>
    </p>

    <p class='ocr_par' dir='ltr' id='par_1_3' title="bbox 101 1015 1226 1443">
     <span class='ocr_line' id='line_1_17' title="bbox 161 1015 1224 1070; baseline 0.003 -16"><span class='ocrx_word' id='word_1_113' title='bbox 161 1017 316 1054; x_wconf 86' lang='lat' dir='ltr'>Interea</span> <span class='ocrx_word' id='word_1_114' title='bbox 338 1016 410 1055; x_wconf 82' lang='lat' dir='ltr'>tibi</span> <span class='ocrx_word' id='word_1_115' title='bbox 432 1016 593 1065; x_wconf 81' lang='lat' dir='ltr'>absenti,</span> <span class='ocrx_word' id='word_1_116' title='bbox 625 1023 663 1054; x_wconf 87' lang='lat' dir='ltr'>et</span> <span class='ocrx_word' id='word_1_117' title='bbox 686 1015 789 1061; x_wconf 80' lang='lat' dir='ltr'>huic,</span> <span class='ocrx_word' id='word_1_118' title='bbox 817 1017 885 1067; x_wconf 85' lang='lat' dir='ltr'>qui</span> <span class='ocrx_word' id='word_1_119' title='bbox 914 1017 1032 1066; x_wconf 85' lang='lat' dir='ltr'>adest,</span> <span class='ocrx_word' id='word_1_120' title='bbox 1062 1018 1224 1070; x_wconf 79' lang='lat' dir='ltr'>imagini</span> 
     </span>
     <span class='ocr_line' id='line_1_18' title="bbox 106 1070 1225 1124; baseline 0.003 -16"><span class='ocrx_word' id='word_1_121' title='bbox 106 1070 228 1108; x_wconf 76' lang='lat' dir='ltr'>animi</span> <span class='ocrx_word' id='word_1_122' title='bbox 245 1077 283 1108; x_wconf 82' lang='lat' dir='ltr'>et</span> <span class='ocrx_word' id='word_1_123' title='bbox 308 1070 472 1122; x_wconf 86' lang='lat' dir='ltr'>corporis</span> <span class='ocrx_word' id='word_1_124' title='bbox 499 1070 570 1117; x_wconf 83' lang='lat' dir='ltr'>tui,</span> <span class='ocrx_word' id='word_1_125' title='bbox 602 1070 904 1109; x_wconf 79' lang='lat' dir='ltr'>constantissimo</span> <span class='ocrx_word' id='word_1_126' title='bbox 933 1079 1051 1123; x_wconf 83' lang='lat' dir='ltr'>atque</span> <span class='ocrx_word' id='word_1_127' title='bbox 1078 1075 1225 1124; x_wconf 85' lang='lat' dir='ltr'>optimo</span> 
     </span>
     <span class='ocr_line' id='line_1_19' title="bbox 106 1124 1223 1175; baseline 0.003 -13"><span class='ocrx_word' id='word_1_128' title='bbox 106 1124 187 1163; x_wconf 82' lang='lat' dir='ltr'>filio</span> <span class='ocrx_word' id='word_1_129' title='bbox 204 1132 286 1173; x_wconf 81' lang='lat' dir='ltr'>tuo,</span> <span class='ocrx_word' id='word_1_130' title='bbox 305 1124 492 1172; x_wconf 86' lang='lat' dir='ltr'>studium,</span> <span class='ocrx_word' id='word_1_131' title='bbox 505 1124 688 1172; x_wconf 85' lang='lat' dir='ltr'>officium,</span> <span class='ocrx_word' id='word_1_132' title='bbox 704 1136 873 1175; x_wconf 82' lang='lat' dir='ltr'>operam,</span> <span class='ocrx_word' id='word_1_133' title='bbox 889 1125 1059 1164; x_wconf 85' lang='lat' dir='ltr'>laborem</span> <span class='ocrx_word' id='word_1_134' title='bbox 1073 1139 1223 1175; x_wconf 86' lang='lat' dir='ltr'>meum,</span> 
     </span>
     <span class='ocr_line' id='line_1_20' title="bbox 101 1178 1224 1230; baseline 0.004 -14"><span class='ocrx_word' id='word_1_135' title='bbox 101 1178 335 1230; x_wconf 85' lang='lat' dir='ltr'>jampridem</span> <span class='ocrx_word' id='word_1_136' title='bbox 368 1186 405 1216; x_wconf 85' lang='lat' dir='ltr'>et</span> <span class='ocrx_word' id='word_1_137' title='bbox 433 1178 626 1230; x_wconf 84' lang='lat' dir='ltr'>pollicitus</span> <span class='ocrx_word' id='word_1_138' title='bbox 655 1190 742 1216; x_wconf 86' lang='lat' dir='ltr'>sum</span> <span class='ocrx_word' id='word_1_139' title='bbox 771 1186 808 1216; x_wconf 90' lang='lat' dir='ltr'>et</span> <span class='ocrx_word' id='word_1_140' title='bbox 840 1178 986 1217; x_wconf 83' lang='lat' dir='ltr'>detuli.</span> <span class='ocrx_word' id='word_1_141' title='bbox 1016 1192 1122 1219; x_wconf 80' lang='lat' dir='ltr'>nunc</span> <span class='ocrx_word' id='word_1_142' title='bbox 1149 1181 1224 1220; x_wconf 83' lang='lat' dir='ltr'>hoe</span> 
     </span>
     <span class='ocr_line' id='line_1_21' title="bbox 106 1232 1224 1293; baseline 0.004 -23"><span class='ocrx_word' id='word_1_143' title='bbox 106 1232 291 1284; x_wconf 87' lang='lat' dir='ltr'>amplius,</span> <span class='ocrx_word' id='word_1_144' title='bbox 309 1232 413 1284; x_wconf 82' lang='lat' dir='ltr'>quod</span> <span class='ocrx_word' id='word_1_145' title='bbox 430 1245 494 1270; x_wconf 91' lang='lat' dir='ltr'>me</span> <span class='ocrx_word' id='word_1_146' title='bbox 512 1232 739 1271; x_wconf 78' lang='lat' dir='ltr'>amicissime</span> <span class='ocrx_word' id='word_1_147' title='bbox 756 1232 926 1293; x_wconf 79' lang='lat' dir='ltr'>quotidie</span> <span class='ocrx_word' id='word_1_148' title='bbox 951 1234 1074 1284; x_wconf 78' lang='lat' dir='ltr'>magis</span> <span class='ocrx_word' id='word_1_149' title='bbox 1095 1234 1224 1273; x_wconf 79' lang='lat' dir='ltr'>Caesar</span> 
     </span>
     <span class='ocr_line' id='line_1_22' title="bbox 103 1286 1220 1338; baseline 0.001 -13"><span class='ocrx_word' id='word_1_150' title='bbox 103 1286 368 1338; x_wconf 75' lang='lat' dir='ltr'>amplectitur;</span> <span class='ocrx_word' id='word_1_151' title='bbox 388 1287 594 1325; x_wconf 82' lang='lat' dir='ltr'>familiares</span> <span class='ocrx_word' id='word_1_152' title='bbox 606 1286 762 1337; x_wconf 85' lang='lat' dir='ltr'>quidem</span> <span class='ocrx_word' id='word_1_153' title='bbox 775 1287 871 1335; x_wconf 87' lang='lat' dir='ltr'>ejus,</span> <span class='ocrx_word' id='word_1_154' title='bbox 887 1286 997 1325; x_wconf 86' lang='lat' dir='ltr'>sicuti</span> <span class='ocrx_word' id='word_1_155' title='bbox 1014 1300 1141 1326; x_wconf 82' lang='lat' dir='ltr'>nemn‘</span> <span class='ocrx_word' id='word_1_156' title='bbox 1146 1302 1220 1326; x_wconf 84' lang='lat' dir='ltr'>em</span> 
     </span>
     <span class='ocr_line' id='line_1_23' title="bbox 104 1340 1226 1394; baseline 0.001 -15"><span class='ocrx_word' id='word_1_157' title='bbox 104 1340 231 1393; x_wconf 89' lang='lat' dir='ltr'>Apud</span> <span class='ocrx_word' id='word_1_158' title='bbox 248 1353 366 1392; x_wconf 86' lang='lat' dir='ltr'>quem</span> <span class='ocrx_word' id='word_1_159' title='bbox 385 1340 578 1392; x_wconf 87' lang='lat' dir='ltr'>quidquid</span> <span class='ocrx_word' id='word_1_160' title='bbox 596 1354 619 1379; x_wconf 81' lang='lat' dir='ltr'>v</span> <span class='ocrx_word' id='word_1_161' title='bbox 611 1340 730 1378; x_wconf 79' lang='lat' dir='ltr'>alebo</span> <span class='ocrx_word' id='word_1_162' title='bbox 750 1341 810 1378; x_wconf 78' lang='lat' dir='ltr'>vel</span> <span class='ocrx_word' id='word_1_163' title='bbox 828 1341 1050 1380; x_wconf 81' lang='lat' dir='ltr'>auctoritate</span> <span class='ocrx_word' id='word_1_164' title='bbox 1063 1356 1085 1380; x_wconf 80' lang='lat' dir='ltr'>v</span> <span class='ocrx_word' id='word_1_165' title='bbox 1089 1343 1124 1380; x_wconf 87' lang='lat' dir='ltr'>el</span> <span class='ocrx_word' id='word_1_166' title='bbox 1137 1356 1226 1394; x_wconf 82' lang='lat' dir='ltr'>gra-</span> 
     </span>
     <span class='ocr_line' id='line_1_24' title="bbox 103 1394 1225 1443; baseline 0.004 -11"><span class='ocrx_word' id='word_1_167' title='bbox 103 1395 173 1443; x_wconf 80' lang='lat' dir='ltr'>tia,</span> <span class='ocrx_word' id='word_1_168' title='bbox 192 1395 326 1433; x_wconf 86' lang='lat' dir='ltr'>valebo</span> <span class='ocrx_word' id='word_1_169' title='bbox 344 1395 426 1433; x_wconf 85' lang='lat' dir='ltr'>tibi.</span> <span class='ocrx_word' id='word_1_170' title='bbox 457 1395 523 1433; x_wconf 87' lang='lat' dir='ltr'>Tu</span> <span class='ocrx_word' id='word_1_171' title='bbox 542 1407 645 1441; x_wconf 84' lang='lat' dir='ltr'>cura,</span> <span class='ocrx_word' id='word_1_172' title='bbox 662 1401 720 1441; x_wconf 90' lang='lat' dir='ltr'>ut,</span> <span class='ocrx_word' id='word_1_173' title='bbox 738 1406 827 1432; x_wconf 84' lang='lat' dir='ltr'>cum</span> <span class='ocrx_word' id='word_1_174' title='bbox 844 1394 1079 1435; x_wconf 85' lang='lat' dir='ltr'>firmitudine</span> <span class='ocrx_word' id='word_1_175' title='bbox 1091 1404 1128 1435; x_wconf 80' lang='lat' dir='ltr'>te</span> <span class='ocrx_word' id='word_1_176' title='bbox 1140 1397 1225 1435; x_wconf 81' lang='lat' dir='ltr'>ani-</span> 
     </span>
    </p>
   </div>
   <div class='ocr_carea' id='block_1_3' title="bbox 102 1447 1030 1501">
    <p class='ocr_par' dir='ltr' id='par_1_4' title="bbox 102 1447 1030 1501">
     <span class='ocr_line' id='line_1_25' title="bbox 102 1447 1030 1501; baseline 0.001 -13"><span class='ocrx_word' id='word_1_177' title='bbox 102 1449 173 1499; x_wconf 82' lang='lat' dir='ltr'>mi,</span> <span class='ocrx_word' id='word_1_178' title='bbox 192 1456 278 1488; x_wconf 87' lang='lat' dir='ltr'>tum</span> <span class='ocrx_word' id='word_1_179' title='bbox 296 1449 412 1488; x_wconf 81' lang='lat' dir='ltr'>etiam</span> <span class='ocrx_word' id='word_1_180' title='bbox 430 1462 497 1501; x_wconf 87' lang='lat' dir='ltr'>spe</span> <span class='ocrx_word' id='word_1_181' title='bbox 515 1447 673 1500; x_wconf 64' lang='lat' dir='ltr'>optim-31,</span> <span class='ocrx_word' id='word_1_182' title='bbox 693 1456 888 1487; x_wconf 83' lang='lat' dir='ltr'>sustentes.</span> <span class='ocrx_word' id='word_1_183' title='bbox 918 1449 1030 1489; x_wconf 84' lang='lat' dir='ltr'>Vale.</span> 
     </span>
    </p>
   </div>
   <div class='ocr_carea' id='block_1_4' title="bbox 166 1609 1154 1659">
    <p class='ocr_par' dir='ltr' id='par_1_5' title="bbox 166 1609 1154 1659">
     <span class='ocr_line' id='line_1_26' title="bbox 166 1609 1154 1659; baseline 0.001 -11"><span class='ocrx_word' id='word_1_184' title='bbox 166 1610 258 1659; x_wconf 85' lang='lat'><strong>(7.)</strong></span> <span class='ocrx_word' id='word_1_185' title='bbox 291 1610 348 1649; x_wconf 91' lang='lat' dir='ltr'>A.</span> <span class='ocrx_word' id='word_1_186' title='bbox 377 1609 611 1650; x_wconf 84' lang='lat' dir='ltr'><strong>CAECINA</strong></span> <span class='ocrx_word' id='word_1_187' title='bbox 640 1610 703 1650; x_wconf 81' lang='lat' dir='ltr'>M.</span> <span class='ocrx_word' id='word_1_188' title='bbox 733 1609 1015 1650; x_wconf 83' lang='lat' dir='ltr'>CICERONI</span> <span class='ocrx_word' id='word_1_189' title='bbox 1043 1611 1082 1651; x_wconf 84' lang='lat' dir='ltr'>S.</span> <span class='ocrx_word' id='word_1_190' title='bbox 1099 1610 1154 1649; x_wconf 87' lang='lat' dir='ltr'>D.</span> 
     </span>
    </p>
   </div>
   <div class='ocr_carea' id='block_1_5' title="bbox 63 1719 1223 2093">
    <p class='ocr_par' dir='ltr' id='par_1_6' title="bbox 63 1719 1223 2093">
     <span class='ocr_line' id='line_1_27' title="bbox 157 1719 1218 1771; baseline -0.001 -13"><span class='ocrx_word' id='word_1_191' title='bbox 157 1719 480 1770; x_wconf 75' lang='lat' dir='ltr'>(Argumentum.</span> <span class='ocrx_word' id='word_1_192' title='bbox 490 1742 545 1748; x_wconf 92' lang='lat'>—</span> <span class='ocrx_word' id='word_1_193' title='bbox 555 1719 743 1767; x_wconf 80' lang='lat' dir='ltr'>Excusat,</span> <span class='ocrx_word' id='word_1_194' title='bbox 771 1719 876 1771; x_wconf 89' lang='lat' dir='ltr'>quod</span> <span class='ocrx_word' id='word_1_195' title='bbox 892 1719 1056 1758; x_wconf 83' lang='lat' dir='ltr'>alterum</span> <span class='ocrx_word' id='word_1_196' title='bbox 1074 1720 1218 1757; x_wconf 83' lang='lat' dir='ltr'>librum</span> 
     </span>
     <span class='ocr_line' id='line_1_28' title="bbox 101 1772 1220 1821; baseline -0.001 -9"><span class='ocrx_word' id='word_1_197' title='bbox 101 1772 204 1812; x_wconf 84' lang='lat' dir='ltr'>filius</span> <span class='ocrx_word' id='word_1_198' title='bbox 234 1786 310 1812; x_wconf 89' lang='lat' dir='ltr'>non</span> <span class='ocrx_word' id='word_1_199' title='bbox 340 1773 558 1812; x_wconf 80' lang='lat' dir='ltr'>reddiderit.</span> <span class='ocrx_word' id='word_1_200' title='bbox 586 1774 772 1821; x_wconf 86' lang='lat' dir='ltr'>Queritur</span> <span class='ocrx_word' id='word_1_201' title='bbox 795 1773 867 1812; x_wconf 83' lang='lat' dir='ltr'>sibi</span> <span class='ocrx_word' id='word_1_202' title='bbox 895 1773 1085 1812; x_wconf 78' lang='lat' dir='ltr'>Caesarem</span> <span class='ocrx_word' id='word_1_203' title='bbox 1109 1774 1220 1812; x_wconf 84' lang='lat' dir='ltr'>irasci</span> 
     </span>
     <span class='ocr_line' id='line_1_29' title="bbox 98 1827 1221 1888; baseline 0 -23"><span class='ocrx_word' id='word_1_204' title='bbox 98 1835 254 1888; x_wconf 82' lang='lat' dir='ltr'>propter</span> <span class='ocrx_word' id='word_1_205' title='bbox 271 1827 418 1875; x_wconf 87' lang='lat' dir='ltr'>stilum,</span> <span class='ocrx_word' id='word_1_206' title='bbox 434 1841 523 1867; x_wconf 90' lang='lat' dir='ltr'>cum</span> <span class='ocrx_word' id='word_1_207' title='bbox 537 1828 679 1879; x_wconf 80' lang='lat' dir='ltr'>ignorit</span> <span class='ocrx_word' id='word_1_208' title='bbox 692 1827 738 1866; x_wconf 83' lang='lat' dir='ltr'>iis</span> <span class='ocrx_word' id='word_1_209' title='bbox 753 1827 821 1880; x_wconf 88' lang='lat' dir='ltr'>qui</span> <span class='ocrx_word' id='word_1_210' title='bbox 833 1835 962 1866; x_wconf 83' lang='lat' dir='ltr'>contra</span> <span class='ocrx_word' id='word_1_211' title='bbox 972 1827 1100 1879; x_wconf 83' lang='lat' dir='ltr'>ipsum</span> <span class='ocrx_word' id='word_1_212' title='bbox 1113 1827 1221 1866; x_wconf 88' lang='lat' dir='ltr'>Deos</span> 
     </span>
     <span class='ocr_line' id='line_1_30' title="bbox 63 1881 1221 1933; baseline 0.001 -14"><span class='ocrx_word' id='word_1_213' title='bbox 63 1920 69 1923; x_wconf 18' lang='grc' dir='ltr'><em>Δ</em></span> <span class='ocrx_word' id='word_1_214' title='bbox 101 1881 244 1933; x_wconf 81' lang='lat' dir='ltr'>precati</span> <span class='ocrx_word' id='word_1_215' title='bbox 261 1881 348 1919; x_wconf 83' lang='lat' dir='ltr'>sint.</span> <span class='ocrx_word' id='word_1_216' title='bbox 378 1882 498 1920; x_wconf 88' lang='lat' dir='ltr'>Parce</span> <span class='ocrx_word' id='word_1_217' title='bbox 517 1889 554 1921; x_wconf 89' lang='lat' dir='ltr'>et</span> <span class='ocrx_word' id='word_1_218' title='bbox 571 1881 705 1920; x_wconf 88' lang='lat' dir='ltr'>timide</span> <span class='ocrx_word' id='word_1_219' title='bbox 724 1881 771 1920; x_wconf 90' lang='lat' dir='ltr'>de</span> <span class='ocrx_word' id='word_1_220' title='bbox 791 1881 971 1921; x_wconf 87' lang='lat' dir='ltr'>Cicerone</span> <span class='ocrx_word' id='word_1_221' title='bbox 991 1894 1099 1933; x_wconf 86' lang='lat' dir='ltr'>aeque</span> <span class='ocrx_word' id='word_1_222' title='bbox 1117 1890 1155 1920; x_wconf 92' lang='lat' dir='ltr'>et</span> <span class='ocrx_word' id='word_1_223' title='bbox 1173 1882 1221 1920; x_wconf 77' lang='lat' dir='ltr'>de</span> 
     </span>
     <span class='ocr_line' id='line_1_31' title="bbox 87 1935 1219 1987; baseline 0 -13"><span class='ocrx_word' id='word_1_224' title='bbox 87 1935 251 1975; x_wconf 72' lang='lat' dir='ltr'>Caesare</span> <span class='ocrx_word' id='word_1_225' title='bbox 269 1949 309 1974; x_wconf 89' lang='lat' dir='ltr'>se</span> <span class='ocrx_word' id='word_1_226' title='bbox 327 1936 486 1975; x_wconf 85' lang='lat' dir='ltr'>scribere</span> <span class='ocrx_word' id='word_1_227' title='bbox 503 1936 573 1983; x_wconf 84' lang='lat' dir='ltr'>ait,</span> <span class='ocrx_word' id='word_1_228' title='bbox 590 1948 640 1975; x_wconf 91' lang='lat' dir='ltr'>ne</span> <span class='ocrx_word' id='word_1_229' title='bbox 658 1936 762 1974; x_wconf 83' lang='lat' dir='ltr'>hunc</span> <span class='ocrx_word' id='word_1_230' title='bbox 779 1935 958 1974; x_wconf 82' lang='lat' dir='ltr'>offendat.</span> <span class='ocrx_word' id='word_1_231' title='bbox 987 1936 1117 1987; x_wconf 84' lang='lat' dir='ltr'>Rogat</span> <span class='ocrx_word' id='word_1_232' title='bbox 1131 1943 1219 1974; x_wconf 78' lang='lat' dir='ltr'>tan-</span> 
     </span>
     <span class='ocr_line' id='line_1_32' title="bbox 98 1989 1223 2042; baseline 0 -14"><span class='ocrx_word' id='word_1_233' title='bbox 98 1989 205 2038; x_wconf 80' lang='lat' dir='ltr'>dem,</span> <span class='ocrx_word' id='word_1_234' title='bbox 225 1997 269 2028; x_wconf 91' lang='lat' dir='ltr'>ut</span> <span class='ocrx_word' id='word_1_235' title='bbox 286 1989 452 2028; x_wconf 86' lang='lat' dir='ltr'>reditum</span> <span class='ocrx_word' id='word_1_236' title='bbox 470 2003 503 2028; x_wconf 81' lang='grc'>51</span> <span class='ocrx_word' id='word_1_237' title='bbox 491 1990 543 2028; x_wconf 91' lang='lat' dir='ltr'>bi</span> <span class='ocrx_word' id='word_1_238' title='bbox 560 1990 765 2042; x_wconf 83' lang='lat' dir='ltr'>impetret;</span> <span class='ocrx_word' id='word_1_239' title='bbox 793 2002 863 2028; x_wconf 87' lang='lat' dir='ltr'>nec</span> <span class='ocrx_word' id='word_1_240' title='bbox 874 1990 1020 2028; x_wconf 88' lang='lat' dir='ltr'>librum</span> <span class='ocrx_word' id='word_1_241' title='bbox 1035 1990 1138 2029; x_wconf 75' lang='lat' dir='ltr'>exire</span> <span class='ocrx_word' id='word_1_242' title='bbox 1151 2003 1223 2041; x_wconf 82' lang='lat' dir='ltr'>pa-</span> 
     </span>
     <span class='ocr_line' id='line_1_33' title="bbox 100 2043 980 2093; baseline -0.002 -10"><span class='ocrx_word' id='word_1_243' title='bbox 100 2043 232 2093; x_wconf 83' lang='lat' dir='ltr'>tiatur,</span> <span class='ocrx_word' id='word_1_244' title='bbox 251 2043 325 2082; x_wconf 85' lang='lat' dir='ltr'>nisi</span> <span class='ocrx_word' id='word_1_245' title='bbox 342 2051 551 2083; x_wconf 82' lang='lat' dir='ltr'>correctum</span> <span class='ocrx_word' id='word_1_246' title='bbox 569 2044 637 2092; x_wconf 86' lang='lat' dir='ltr'>ita,</span> <span class='ocrx_word' id='word_1_247' title='bbox 657 2057 706 2082; x_wconf 88' lang='lat' dir='ltr'>ne</span> <span class='ocrx_word' id='word_1_248' title='bbox 723 2044 795 2083; x_wconf 88' lang='lat' dir='ltr'>sibi</span> <span class='ocrx_word' id='word_1_249' title='bbox 814 2051 980 2093; x_wconf 77' lang='lat' dir='ltr'>noceat.)</span> 
     </span>
    </p>
   </div>
   <div class='ocr_carea' id='block_1_6' title="bbox 606 2120 716 2128">
    <p class='ocr_par' dir='ltr' id='par_1_7' title="bbox 606 2120 716 2128">
     <span class='ocr_line' id='line_1_34' title="bbox 606 2120 716 2128; baseline 0 0"><span class='ocrx_word' id='word_1_250' title='bbox 606 2120 716 2128; x_wconf 95' lang='lat' dir='ltr'> </span> 
     </span>
    </p>
   </div>
   <div class='ocr_carea' id='block_1_7' title="bbox 149 2122 1217 2200">
    <p class='ocr_par' dir='ltr' id='par_1_8' title="bbox 149 2122 1217 2200">
     <span class='ocr_line' id='line_1_35' title="bbox 149 2122 1217 2200; baseline -0.004 -9"><span class='ocrx_word' id='word_1_251' title='bbox 149 2151 268 2200; x_wconf 85' lang='lat' dir='ltr'>Quod</span> <span class='ocrx_word' id='word_1_252' title='bbox 304 2151 376 2191; x_wconf 88' lang='lat' dir='ltr'>tibi</span> <span class='ocrx_word' id='word_1_253' title='bbox 408 2164 485 2192; x_wconf 85' lang='lat' dir='ltr'>non</span> <span class='ocrx_word' id='word_1_254' title='bbox 516 2160 596 2192; x_wconf 83' lang='lat' dir='ltr'>tarn</span> <span class='ocrx_word' id='word_1_255' title='bbox 617 2151 798 2191; x_wconf 84' lang='lat' dir='ltr'>celeriter</span> <span class='ocrx_word' id='word_1_256' title='bbox 825 2151 922 2190; x_wconf 87' lang='lat' dir='ltr'>liber</span> <span class='ocrx_word' id='word_1_257' title='bbox 950 2122 1006 2191; x_wconf 85' lang='lat' dir='ltr'>est</span> <span class='ocrx_word' id='word_1_258' title='bbox 1030 2151 1200 2191; x_wconf 79' lang='lat' dir='ltr'>redditus</span> <span class='ocrx_word' id='word_1_259' title='bbox 1184 2165 1217 2199; x_wconf 69' lang='lat' dir='ltr'>s,</span> 
     </span>
    </p>
   </div>
   <div class='ocr_carea' id='block_1_8' title="bbox 90 2204 1217 2299">
    <p class='ocr_par' dir='ltr' id='par_1_9' title="bbox 90 2204 1217 2299">
     <span class='ocr_line' id='line_1_36' title="bbox 90 2204 1217 2298; baseline -0.003 -51"><span class='ocrx_word' id='word_1_260' title='bbox 90 2204 242 2268; x_wconf 66' lang='grc'>’5110508</span> <span class='ocrx_word' id='word_1_261' title='bbox 260 2205 388 2246; x_wconf 81' lang='lat' dir='ltr'>timori</span> <span class='ocrx_word' id='word_1_262' title='bbox 405 2214 560 2254; x_wconf 73' lang='lat' dir='ltr'>nostro,</span> <span class='ocrx_word' id='word_1_263' title='bbox 590 2214 628 2247; x_wconf 89' lang='lat' dir='ltr'>et</span> <span class='ocrx_word' id='word_1_264' title='bbox 657 2206 833 2246; x_wconf 82' lang='lat' dir='ltr'>miserere</span> <span class='ocrx_word' id='word_1_265' title='bbox 863 2206 1056 2298; x_wconf 66' lang='lat' dir='ltr'>terpporis.</span> <span class='ocrx_word' id='word_1_266' title='bbox 1088 2204 1217 2249; x_wconf 81' lang='lat' dir='ltr'>Filius</span> 
     </span>
     <span class='ocr_line' id='line_1_37' title="bbox 862 2271 886 2299; baseline 0 0"><span class='ocrx_word' id='word_1_267' title='bbox 862 2271 886 2299; x_wconf 80' lang='grc' dir='ltr'><strong>Ρ</strong></span> 
     </span>
    </p>
   </div>
  </div>
 </body>
</html>
