1481 2422
336 99 420 140 AD
447 99 746 141 DIVERSOS.
777 100 878 140 Lm,
899 99 954 140 X.
983 101 1050 140 32.
1175 101 1253 140 321

132 207 274 246 horum
296 214 530 260 temporum,
561 208 626 248 sed
650 209 821 257 illorum,
848 209 989 261 quibus
1018 221 1042 246 a
1071 206 1268 247 seditiosis

134 271 289 300 senatus
307 263 517 302 trucidatus
535 271 602 301 aut
631 264 813 315 expulsus
833 272 902 312 est,
933 264 1022 302 Sex.
1044 263 1150 301 Varo
1171 274 1270 314 pro-

138 317 307 354 consule.

190 369 266 408 Illa
284 383 371 409 vero
386 371 469 420 jam
487 384 537 410 ne
556 370 716 410 Caesaris
735 370 892 423 quidem
921 370 1122 423 exemploz
1160 368 1265 421 quod

131 423 232 461 ludis
246 432 486 475 praetextam,
507 425 555 463 de
575 438 644 464 suo
662 425 796 463 itinere
810 425 859 462 ad
874 425 923 463 L.
942 425 1156 463 Lentulum
1175 437 1265 475 pro-

132 479 328 516 consulem
341 479 636 527 sollicitandum,
650 479 788 531 posuit.
809 479 864 517 Et
878 478 1050 530 quidem,
1063 491 1152 516 cum
1173 491 1266 528 age-

131 538 249 580 retur,
280 532 398 580 flevit,
429 533 616 571 memoria
645 546 775 571 rerum
804 540 1000 584 gestarum
1030 538 1262 571 commotus.

133 584 420 624 Gladiatoribus
449 595 595 635 autem,
630 587 798 625 Fadium
831 586 1056 638 quemdam,
1094 585 1264 624 militem

133 639 433 690 Pompeianum,
454 641 559 693 quia,
574 654 663 679 cum
678 641 899 693 depressus
889 653 930 678 111
944 640 1083 678 111(111111
1101 640 1161 678 bis
1176 652 1264 689 gra-

132 692 181 731 tis
200 693 467 756 depugnasset,
488 703 640 733 auctore
659 709 738 734 sese
756 696 924 743 nolebat,
946 701 983 733 et
1001 695 1051 732 ad
1069 695 1264 755 populum

132 747 380 799 confugerat;
410 749 583 810 primum
596 749 729 788 Gallos
744 749 890 809 equites
903 748 1064 786 immisit
1077 749 1116 785 in
1137 760 1264 799 popu-

131 801 232 849 lum,
253 803 431 852 (conjecti
451 803 555 841 enim
573 803 719 854 lapides
749 810 838 841 sunt
856 803 897 839 in
923 815 1027 849 eum,
1049 815 1139 840 cum
1160 801 1263 838 abri-

131 862 287 907 peretur
306 856 494 903 Fadius)·
483 885 495 903 ‚
527 856 664 895 deinde
682 859 916 895 abstractum
930 856 1102 894 defodit·
1092 868 1133 893 111
1152 854 1260 902 ludo,

132 916 171 947 et
194 909 327 949 vivum
357 911 592 957 combussit;
623 924 712 949 cum
742 910 913 962 quidem,
944 923 1120 961 pransus,
1147 908 1262 947 nudis

132 963 311 1014 pedibus,
338 965 470 1007 tunica
492 964 631 1013 soluta,
662 966 842 1005 manibus
861 964 910 1003 ad
929 972 1081 1015 tergum
1099 962 1259 1012 rejectis,

132 1017 404 1067 inambularet,
437 1026 476 1057 et
503 1019 562 1058 illi
590 1019 742 1067 misero,
763 1018 976 1070 quiritanti,
1007 1020 1036 1040 “
1056 1018 1160 1056 Civis
1180 1016 1261 1054 Ro-

131 1083 272 1110 manus
291 1080 404 1111 natus
423 1073 555 1120 sum,'’
584 1073 851 1124 responderet:
883 1075 912 1095 ‘⁶
932 1071 1015 1109 Abi
1034 1084 1162 1116 nune;
1191 1083 1261 1121 po-

132 1126 218 1186 puli
247 1126 366 1165 fidem
394 1127 601 1178 implora.'’
630 1127 772 1165 Bestiis
802 1139 890 1164 vero
921 1126 1019 1164 cives
1046 1126 1258 1184 Romanos,

132 1179 249 1218 etiam
263 1180 304 1218 in
314 1180 375 1219 his
391 1181 655 1219 circulatorem
667 1180 876 1241 quemdam
892 1179 1128 1227 auctionum,
1141 1178 1262 1215 notis-

133 1233 278 1273 simum
295 1234 495 1273 hominem
511 1235 681 1286 Hispali,
695 1234 787 1286 quia
801 1233 982 1272 deformis
997 1241 1090 1280 erat,
1106 1232 1257 1282 objecit.

133 1287 239 1328 Cum
257 1288 524 1338 hujuscemodi
541 1295 718 1340 portento
737 1301 796 1327 res
814 1287 912 1325 mihi
929 1287 1016 1325 fuit.
1045 1286 1123 1326 Sed
1133 1286 1181 1324 de
1192 1285 1260 1324 illo

135 1342 250 1395 plura
268 1355 408 1381 coram.

188 1397 231 1435 N
233 1409 322 1447 unc,
343 1396 448 1449 quod
466 1403 633 1449 praestat,
655 1396 750 1449 quid
775 1409 840 1435 me
864 1395 989 1434 velitis
1012 1395 1149 1444 facere,
1171 1408 1262 1435 oon-

134 1450 291 1489 stituite.
321 1451 420 1489 Tres
437 1451 605 1502 legiones
619 1451 750 1489 firmas
764 1451 912 1496 habeo,
901 1464 911 1473 ·
943 1463 1108 1502 quarum
1123 1462 1257 1498 unam,

132 1504 506 1553 duodetricesimam,
536 1518 625 1543 cum
654 1505 704 1543 ad
733 1519 772 1544 se
799 1505 908 1542 initio
931 1504 1024 1542 belli
1048 1505 1262 1542 arcessisset

133 1559 332 1598 Antonius
349 1560 422 1598 hac
439 1559 726 1620 pollicitatione,
753 1572 830 1611 quo
856 1558 945 1596 die
934 1571 976 1596 111
995 1565 1116 1596 castra
1134 1559 1258 1597 venis-

136 1619 206 1662 set,
226 1613 400 1652 denarios
418 1613 632 1666 quingenos
657 1614 817 1674 singulis
845 1612 1033 1653 militibus
1060 1612 1256 1659 daturum,

134 1667 176 1705 in
195 1667 351 1706 victoria
369 1681 457 1707 vero
476 1667 609 1706 eadem
633 1668 805 1718 praemia,
828 1680 916 1718 quae
934 1666 1012 1704 51115
1030 1666 1258 1717 legionibus,

136 1723 321 1783 (quorum
340 1721 426 1774 quis
444 1722 572 1759 ullum
591 1721 723 1770 finem,
743 1729 811 1759 aut
823 1720 984 1758 modurn
997 1719 1174 1758 futurum
1187 1734 1261 1772 pu·

135 1775 230 1814 tavit
240 1778 276 1824 Ρ)
299 1775 604 1815 incitatissimam
615 1775 769 1824 retinui,
786 1788 897 1826 aegre,
914 1774 1167 1812 mehercules:
1188 1787 1260 1813 nec

136 1830 391 1880 retinuissem,
412 1830 444 1868 si
468 1842 547 1868 uno
565 1829 649 1868 loco
667 1829 900 1877 habuissem,
921 1836 1054 1879 utpote
1072 1841 1162 1866 cum
1180 1828 1261 1866 sin-

135 1884 238 1935 gulae
249 1884 428 1936 quaedam
447 1884 617 1922 cohortes
636 1883 857 1922 seditionem
875 1883 1043 1921 fecerint.
1072 1883 1262 1934 Reliquas

135 1951 291 1990 quoque
304 1939 472 1990 legiones
490 1950 568 1976 non
586 1937 730 1976 destitit
745 1937 862 1976 literis
877 1943 995 1988 atque
1002 1935 1162 1974 infinitis
1175 1937 1260 1997 pol-

132 1992 405 2032 licitationibus
423 1992 591 2030 incitare.
621 1992 663 2029 N
665 2005 706 2030 ec
720 2004 808 2030 veto
826 1991 955 2029 minus
973 1990 1146 2051 Lepidus
1161 1990 1258 2028 ursit

133 2058 198 2085 me
217 2053 254 2085 et
271 2047 350 2085 suis
368 2054 407 2086 et
425 2045 588 2085 Antonii
604 2045 736 2096 literis,
757 2053 802 2084 ut
818 2045 1009 2097 legionem
1025 2043 1257 2083 tricesimam

136 2100 330 2139 mitterem
348 2100 435 2140 sibi.

178 2154 342 2217 Itaque,
361 2167 480 2208 quem
497 2154 708 2195 exercitum
725 2166 852 2207 neque
869 2152 1030 2194 vendere
1049 2151 1139 2192 ullis
1157 2165 1256 2204 prae-

133 2208 222 2248 13115
239 2208 359 2258 volui,
378 2221 449 2250 nec
472 2222 607 2250 eorum
628 2208 891 2262 periculorum
910 2215 1032 2257 metu,
1058 2219 1161 2259 quae,
1180 2206 1259 2246 vie-
