1501 2407
172 131 249 170 132
390 129 474 169 AD
502 127 802 169 DIVERSOS.
831 128 928 168 Lm.
947 126 1000 170 V.
1032 127 1096 167 13.

287 260 402 314 (13.)
423 259 486 299 M.
508 259 554 300 0.
567 234 679 347 ssi).
709 258 759 298 L.
780 257 1050 308 LUCCEIO,
1079 257 1133 308 Q.
1146 256 1196 297 F.

196 383 574 438 (Argumentum.
599 404 654 412 —
679 380 943 421 Consolationi
975 379 1194 432 respondet,
1221 378 1304 432 qua

177 453 217 478 se
253 452 349 477 rmre
373 439 546 477 levatum
583 450 662 476 esse
690 436 847 484 fatetur,
881 443 927 474 ut
955 435 1046 473 forti
1077 434 1208 473 animo
1239 434 1302 483 sit,

176 494 255 588 {2³13
256 493 336 600 (ξδ’
331 492 529 597 gepubhca
547 491 731 544 desperet.
766 490 916 529 Caesare
945 489 1011 528 IV
1038 489 1195 528 consule
1221 488 1306 528 sine

231 677 515 730 Quamquam'
505 689 589 728 1psa
601 675 808 714 consolatio
821 674 1023 714 literarum
1037 681 1194 713 tuarum
1206 673 1306 714 mihi

178 733 395 785 gratissima
427 739 483 770 est
509 731 693 775 (declarat
717 730 821 768 enim
853 742 1050 768 summam
1078 729 1310 768 benevolen-

179 788 289 835 tiam,
311 787 556 836 conjunctam
566 782 904 836 pariprudentia)·
893 812 905 829 ,
926 790 1056 822 tamen
1074 783 1188 822 illum
1206 783 1311 822 fruo-

180 850 266 880 tum
286 855 333 879 ex
359 841 405 878 iis
423 839 542 878 literis
561 839 622 877 vel
640 839 860 876 maximum
889 838 986 889 cepi,
1014 837 1119 890 quod
1146 844 1185 876 te
1211 851 1311 890 prae-

180 897 279 935 clare
298 909 356 933 res
383 895 575 932 humanas
597 901 920 939 contemnentem,
943 899 980 930 et
1007 891 1152 944 optime
1180 898 1313 931 contra

179 951 265 989 fort·
259 962 376 988 ¹mam
414 956 594 1000 paratum
633 954 919 1008 armatumque,
965 946 1150 998 cognovi:
1191 959 1312 999 quam

181 1004 337 1057 q··1idem
357 1003 515 1041 laudern
534 1001 729 1053 sapientiae
748 1008 874 1039 statuo
885 1014 964 1039 0550
982 1000 1212 1049 maximam,
1232 1012 1313 1040 non

181 1059 336 1098 aliunde
353 1057 534 1110 pendere,
559 1069 628 1095 nec
648 1055 883 1094 extrinsecus
912 1062 980 1093 aut
1006 1057 1105 1094 bene
1123 1062 1191 1093 aut
1208 1055 1313 1094 male

181 1115 245 1152 viv
247 1126 294 1152 01·
296 1113 336 1150 41
366 1124 568 1164 suspensas
600 1111 742 1149 habere
766 1110 940 1148 rationes.
985 1109 1088 1158 Quae
1117 1109 1311 1172 cogitatio,

182 1182 273 1207 cum
291 1167 387 1205 mihi
409 1179 486 1204 non
506 1165 664 1204 omnino
684 1177 753 1203 ex
739 1164 886 1203 idisset
905 1165 1065 1208 (etenim
1083 1164 1239 1216 penitus
1247 1164 1316 1202 -in-

182 1223 360 1269 sederat),
382 1221 420 1259 vi
442 1229 573 1259 tamen
592 1227 868 1271 tempestatum
889 1226 927 1257 et
953 1231 1139 1257 concursu
1158 1218 1317 1258 calami-

185 1286 312 1316 tatum
332 1283 412 1315 erat
435 1275 679 1327 aliquantum
708 1274 937 1312 labefactata
962 1280 1078 1325 atque
1106 1273 1313 1312 convulsa:

185 1332 248 1370 eui
266 1340 303 1369 te
322 1330 503 1382 opitulari
524 1338 560 1367 et
578 1343 601 1367 v
604 1329 703 1374 ideo,
721 1337 757 1367 et
775 1327 816 1366 id
834 1327 965 1366 fecisse
990 1327 1107 1366 etiam
1129 1327 1318 1379 proximis

182 1387 317 1434 literis,
338 1385 588 1435 multumque
603 1382 818 1434 profecisse,
836 1381 969 1421 sentio.
1002 1382 1142 1433 Itaque
1160 1381 1233 1420 hoc
1247 1395 1318 1420 58-

184 1441 273 1493 pius
310 1439 530 1486 dicendum,
563 1437 711 1489 tibique
739 1449 818 1475 non
848 1436 1030 1488 significa
1023 1436 1144 1474 idum
1175 1436 1316 1485 solum,

187 1495 253 1534 sed
269 1494 384 1533 etiam
408 1492 697 1538 declarandum,
722 1491 897 1540 arbitror,
919 1490 1017 1529 nihil
1031 1490 1129 1529 mihi
1152 1502 1232 1529 aese
1248 1502 1320 1543 po-

186 1549 304 1588 tuisse
322 1548 398 1586 tuis
416 1547 535 1585 literis
554 1546 711 1598 gratius.

242 1603 312 1642 Ad
331 1601 607 1642 consolandum
627 1607 757 1638 autem
777 1613 867 1639 cum
885 1600 953 1639 illa
971 1600 1114 1648 valent,
1134 1602 1223 1652 quae
1241 1599 1318 1640 ele-

188 1666 324 1710 ganter
358 1657 551 1707 copioseqt
539 1668 584 1693 10
603 1654 698 1693 00110
680 1655 801 1716 β31511,
836 1662 922 1693 tum
945 1655 1043 1693 nihil
1064 1654 1168 1706 plus,
1199 1667 1320 1707 quam

190 1712 295 1765 quod
308 1710 586 1749 firmitudinem
598 1709 902 1761 gravitatemque
913 1709 1034 1747 animi
1048 1709 1106 1746 tui
1117 1709 1318 1761 perspexi·
1305 1738 1318 1756 ‚

191 1780 312 1819 quam
327 1778 414 1804 non
424 1764 567 1802 imitari
587 1764 854 1815 turpissimum
874 1763 1235 1815 existimo,1taque
1247 1763 1321 1803 hoc

191 1822 308 1860 etiam
327 1819 522 1858 fortiorem
541 1831 605 1857 me
619 1826 727 1870 puto,
755 1830 875 1869 quam
903 1818 1086 1870 teipsum,
1113 1826 1323 1870 praecepto-

191 1889 274 1914 rem
286 1873 545 1912 fortitudinis·
534 1902 546 1919 ,
577 1872 682 1924 quod
701 1880 743 1910 tu
763 1872 862 1910 mihi
879 1872 1007 1911 videre
1025 1884 1136 1923 spem
1154 1873 1323 1911 nonnul-

191 1931 274 1969 lam
302 1929 457 1976 habere,
491 1927 573 1965 haec
603 1926 812 1978 aliquando
833 1925 966 1965 flitma
986 1926 1158 1964 meliora.
1200 1926 1323 1967 Casus

193 1984 298 2023 enim
323 1981 554 2034 gladiatorii,
575 1981 924 2033 similitudinesque
952 1994 1019 2029 eae,
1050 1988 1135 2019 tum
1158 1981 1324 2021 rationes

194 2039 236 2077 in
255 2051 301 2076 ea
319 2036 577 2088 disputatione
592 2049 615 2073 a
632 2043 670 2073 te
689 2036 868 2083 collectae,
889 2037 1070 2074 vetabant
1101 2048 1165 2074 me
1193 2039 1323 2088 reipu-

194 2093 305 2132 blicae
318 2091 473 2144 penitus
487 2090 669 2129 diffidere.
692 2090 830 2142 Itaque
842 2089 1006 2128 alterum
1020 2088 1151 2128 minus
1162 2089 1322 2140 mirum,

195 2147 391 2186 fortiorem
410 2153 448 2183 te
467 2158 560 2192 esse,
590 2157 680 2183 cum
709 2144 856 2198 aliquid
884 2157 1035 2197 sperae3
1065 2144 1232 2185 alterum
1244 2143 1325 2184 mi-

196 2214 302 2251 rum,
322 2213 390 2255 spe
406 2199 495 2240 ulla
508 2198 639 2239 teneri.
