1481 2422
320 82 404 122 AD
432 83 732 125 DIVERsos.
764 86 863 126 LIB.
894 86 950 125 X.
978 87 1047 125 24.
1164 87 1244 126 309

117 198 276 241 acuunt,
308 204 357 231 ne
389 193 485 246 quid
516 201 584 232 aut
614 207 662 234 ex
688 207 817 233 amore
842 203 910 234 aut
933 209 982 234 ex
1003 194 1150 257 judicio
1175 202 1245 234 tuo

114 246 286 297 perdam.
316 246 423 299 Opto
448 255 493 286 ut
514 248 612 287 mihi
636 249 782 288 liceat
768 263 866 299 Jam,
887 250 1078 301 praesenti,
1104 249 1246 302 pietate

113 312 289 338 meorum
318 301 546 351 officiorum,
573 310 642 341 tua
662 304 844 342 beneficia
872 305 943 342 tibi
961 304 1083 343 facere
1102 306 1246 354 jucun-

112 353 230 448 glora.
260 355 409 396 Octavo
429 355 524 397 Idus
543 357 572 396 J
575 370 641 396 un
673 358 876 409 Civarone,
898 372 946 398 ex
965 359 1108 399 finibus
1126 358 1245 397 Allo-

139 421 292 461 rogum.

148 577 265 626 (24.)
293 577 573 628 PLANCUS,
604 579 726 618 IMP.
758 578 919 619 CONS.
948 576 1188 617 DESIGN.

449 635 476 673 S
480 633 556 672 ..D
581 632 879 674 CICERONI.

161 740 488 792 (Argumentum.
504 764 558 770 —-—
569 743 619 782 Se
632 755 846 781 memorem
859 741 1131 782 beneficiorum
1153 741 1244 793 pol-

105 794 263 833 licetur.
294 808 382 834 suas
415 796 542 848 copias
574 805 730 836 narrat:
776 797 993 835 subsidium
1027 796 1241 835 Caesariani

106 856 175 887 aut
197 849 377 888 Africani
401 851 585 890 exercitus
610 852 756 903 poscit:
789 851 1069 901 Octavianum,
1095 858 1143 889 ut
1168 864 1243 903 pa-

107 916 196 942 rum
213 904 363 957 reipub.
386 913 596 955 amantem,
617 905 774 958 carpit.)

131 1056 134 1058 v
164 1011 307 1053 Facere
323 1027 402 1052 non
419 1027 593 1067 possum,
615 1015 710 1068 quin
733 1014 774 1052 in
794 1015 965 1067 singulas
990 1028 1065 1064 res,
1085 1014 1246 1053 merita-

112 1080 188 1119 que
216 1075 298 1117 tua,
330 1069 402 1108 tibi
426 1070 567 1120 gratias
598 1082 724 1121 agam.
754 1070 831 1109 Sed
864 1070 1119 1122 (mehercule)
1144 1069 1246 1107 facio

111 1135 202 1161 cum
220 1123 379 1174 pudore.
409 1124 553 1175 Neque
577 1125 681 1162 enim
704 1131 813 1163 tanta
834 1124 1088 1173 necessitudo,
1119 1136 1246 1176 quan-

112 1183 193 1215 tam
219 1184 263 1215 tu
291 1177 390 1217 mihi
412 1185 541 1217 tecum
561 1191 641 1218 esse
665 1179 833 1227 voluisti,
855 1179 1068 1217 desiderare
1089 1177 1246 1217 videtur

111 1231 323 1282 gratiarum
341 1232 557 1280 actionem3
586 1246 714 1285 neque
732 1246 801 1284 ego
825 1234 1003 1271 lubenter
1027 1246 1097 1285 pro
1116 1232 1247 1271 maxi-

111 1285 186 1324 mis
199 1286 277 1325 tuis
287 1286 480 1325 beneficiis
495 1294 576 1325 tam
586 1287 653 1327 vili
663 1300 825 1326 munere
835 1287 1025 1339 defungor
1037 1286 1217 1326 orationis
1232 1301 1245 1325 ε

111 1346 150 1378 et
166 1340 271 1379 malo
289 1354 456 1393 praesens
467 1341 720 1391 observantia,
732 1341 989 1393 indulgentia,
1003 1341 1244 1389 assiduitate,

112 1405 324 1434 memorem
349 1408 414 1434 me
431 1396 502 1435 tibi
527 1398 699 1448 probare.
731 1396 850 1445 Quod
873 1396 906 1435 si
932 1396 1031 1434 mihi
1050 1396 1129 1434 vita
1153 1408 1245 1434 con-

113 1449 256 1501 tigerit,
276 1462 410 1488 omnes
428 1458 556 1502 gratas
574 1451 760 1490 amicitias
780 1459 896 1502 atque
917 1450 1032 1489 etiam
1051 1450 1136 1502 pias
1154 1463 1246 1501 pro-

111 1503 350 1556 pinquitates
378 1504 421 1542 in
447 1505 505 1544 tui
530 1505 784 1554 observantia,
805 1505 1061 1556 indulgentia,
1083 1504 1248 1543 assidui-

113 1565 204 1606 tate,
225 1558 389 1598 vincam.
417 1559 547 1598 Amor
565 1560 670 1598 enim
689 1568 793 1608 tuus,
819 1573 863 1598 ac
884 1559 1077 1610 judicium
1096 1558 1144 1597 de
1162 1571 1244 1607 me,

115 1620 248 1650 utrum
266 1613 368 1651 mihi
386 1613 474 1666 plus
493 1614 689 1665 dignitatis
707 1614 747 1652 in
767 1622 1014 1666 perpetuum,
1035 1626 1085 1652 an
1105 1614 1250 1666 volup·

115 1667 204 1705 tatis
223 1667 409 1719 quotidie,
425 1668 474 1707 sit
491 1669 693 1716 allaturus,
713 1682 791 1707 non
810 1669 921 1707 facile
940 1668 1117 1707 dixerim.

169 1721 234 1760 De
252 1722 425 1760 militum
443 1723 669 1770 commodis,
689 1723 766 1761 fuit
790 1723 862 1761 tibi
881 1736 1010 1769 curae3
1041 1735 1138 1775 quos
1157 1735 1247 1774 ego,

116 1787 194 1816 non
206 1776 385 1838 potentiae
403 1789 500 1815 meae
520 1791 646 1826 causa,
666 1777 790 1838 (nihil
801 1777 904 1815 enim
923 1791 987 1815 me
1005 1789 1084 1815 non
1104 1777 1248 1815 saluta-

116 1830 207 1869 riter
230 1831 396 1882 cogitare
419 1831 511 1880 scio)
542 1832 670 1870 omari
688 1831 794 1870 volui
819 1845 843 1870 a
864 1839 1028 1877 senatu3
1058 1831 1137 1880 sed,
1168 1831 1250 1883 pri-

117 1897 244 1934 mum,
259 1886 363 1937 quod
381 1885 436 1924 ita
448 1886 603 1924 meritos
618 1886 866 1936 judicabam;
889 1886 1039 1934 deinde,
1056 1885 1176 1937 quod,
1197 1885 1250 1924 ad

118 1952 251 1978 omnes
270 1952 391 1988 casus,
412 1941 690 1990 conjunctiores
703 1940 923 2002 reipublicae
943 1953 1023 1979 esse
1041 1940 1217 1978 volebam
1233 1953 1247 1986 ς

119 1993 341 2041 novissime,
372 2002 431 2042 ut,
451 1996 500 2032 ab
520 1995 627 2033 omni
651 1995 829 2033 omnium
856 1993 1119 2033 sollicitatione
1141 2006 1252 2032 aver-

121 2061 195 2096 sos,
222 2061 286 2087 eos
311 2048 405 2088 tales
436 2049 544 2088 vobis
565 2059 747 2102 praestare
770 2062 937 2101 possem,
965 2048 1097 2101 quales
1122 2047 1251 2087 adhuc

118 2101 292 2141 fuerunt.

176 2157 262 2197 Nos
280 2157 408 2198 adhuc
431 2158 498 2200 hic
516 2157 649 2198 omnia
665 2158 815 2211 integra
834 2156 1101 2198 sustinuimus.
1130 2156 1252 2207 Quod
