1501 2407
284 96 336 134 82
472 96 556 135 AD
583 96 881 136 DIVERSOS.
910 96 1010 135 Lm.
1041 94 1124 133 111.
1158 94 1218 132 12.

283 204 424 256 quibus
442 204 538 258 ipse,
561 205 611 244 ad
635 204 902 246 declarandam
926 202 1060 257 Appio
1083 200 1402 247 benevolentiam,-

284 258 408 298 factus
427 259 475 298 sit
493 259 742 311 diligentior.)

339 367 572 406 Gratulabor
590 369 660 407 tibi
673 368 803 421 prius:
832 368 887 406 ita
901 367 1004 406 enim
1022 378 1151 405 rerum
1163 363 1255 403 ordo
1272 369 1404 416 postu-

282 421 362 460 latz
392 421 529 460 deinde
547 422 594 460 ad
614 436 677 461 me
699 429 907 462 convertar.
945 422 1035 472 Ego
1053 433 1142 463 vero
1160 418 1404 457 vehementer

283 476 454 527 gratulor
473 476 520 514 de
534 477 679 526 judicio
699 478 888 516 ambitus:
915 488 1040 528 neque
1059 474 1113 520 id,
1138 472 1243 525 quod
1260 470 1406 510 nemini

284 529 447 568 dubium
476 529 564 576 fuit,
595 531 813 570 absolutum
846 543 925 569 esse
956 538 1018 575 te3
1049 528 1115 567 sed
1143 525 1256 575 illud,
1285 524 1404 577 quod,

284 597 362 635 quo
380 584 515 622 melior
534 584 638 632 civis,
661 599 738 637 quo
757 586 814 623 vir
834 584 983 632 clarior,
1003 595 1082 634 quo
1107 581 1242 620 fortior
1259 579 1406 618 amicus

286 651 340 685 es,
361 650 515 689 quoque
536 639 649 689 plura
678 639 827 678 virtutis
846 646 884 677 et
901 637 1099 675 industriae
1124 640 1348 674 ornamenta
1365 632 1407 670 in

284 698 322 730 te
341 699 445 739 sunt,
462 705 505 730 eo
524 693 744 730 mirandum
764 700 819 731 est
837 692 975 743 magis,
995 691 1145 729 nullam
1163 702 1212 727 ne
1229 688 1269 726 in
1290 687 1411 726 tabel-

286 746 335 784 lae
347 745 503 797 quidem
515 746 660 785 latebra
671 747 788 785 fuisse
803 746 1065 785 absconditam
1083 741 1406 789 malevolentiam,

287 813 375 852 quae
394 808 431 837 te
448 800 677 851 impugnare
696 801 864 839 auderet.
901 800 995 838 Non
1013 799 1153 837 horum
1174 804 1409 848 temporum,

287 866 365 891 non
378 854 517 892 horum
532 855 737 892 hominum
753 863 868 906 atque
881 866 1050 901 morum,
1064 851 1261 903 negotium
1277 865 1287 888 τ
1315 849 1414 887 nihil

283 909 368 958 jam
399 921 486 946 sum
512 909 661 959 pridem
687 908 896 946 admiratus
917 907 1054 958 magis.
1082 906 1146 944 De
1174 918 1238 943 me
1265 911 1411 949 autem,

289 961 436 1013 suscipe
458 962 652 1014 paulisper
669 976 773 1002 meas
792 971 932 1014 partes,
957 969 995 1000 et
1017 973 1107 999 eum
1130 967 1168 998 te
1192 971 1272 997 esse
1290 958 1408 1009 finge,

289 1015 357 1067 qui
391 1029 479 1054 sum
509 1030 603 1067 ego:
636 1017 667 1054 si
697 1017 808 1055 facile
836 1016 1025 1055 inveneris
1058 1013 1163 1066 quod
1190 1013 1306 1060 dicas,
1333 1011 1413 1049 noli

287 1070 481 1120 ignoscere
512 1071 740 1109 haesitationi
772 1084 881 1109 meae.
919 1070 1007 1120 Ego
1036 1081 1126 1107 vero
1154 1067 1271 1106 velim
1300 1065 1413 1113 mihi,

291 1124 512 1176 Tulliaeque
541 1137 651 1174 meae,
683 1125 797 1167 (sicut
822 1134 865 1163 tu
891 1123 1118 1163 amicissime
1137 1129 1175 1160 et
1193 1119 1414 1159 suavissime

290 1177 417 1229 optas)
437 1192 615 1230 prospere
644 1180 792 1218 evenire
810 1192 867 1225 ea,
888 1192 989 1231 quae,
1015 1190 1080 1215 me
1097 1175 1293 1222 insciente,
1314 1174 1415 1212 facta

291 1240 382 1270 sunt
400 1246 423 1270 a
441 1233 560 1271 meis:
591 1234 658 1272 sed
676 1233 730 1272 ita
749 1233 937 1280 cecidisse,
963 1240 1008 1270 ut
1026 1238 1229 1282 agerentur
1247 1242 1291 1267 eo
1316 1235 1415 1266 tem-

290 1298 396 1337 pore,
427 1300 536 1338 spero
564 1288 721 1326 omnino
750 1300 840 1326 cum
867 1286 1002 1338 aliqua
1023 1285 1217 1329 felicitate,
1245 1290 1283 1322 et
1307 1288 1411 1333 opto.

293 1339 574 1379 Verumtamen
604 1342 692 1393 plus
719 1355 796 1390 me,
827 1341 868 1379 in
886 1341 958 1379 hac
977 1353 1057 1391 spe,
1089 1345 1157 1377 tua
1175 1336 1359 1388 sapientia
1377 1343 1415 1374 et

292 1394 512 1434 humanitas
538 1397 765 1443 consolatur,
793 1408 911 1448 quam
933 1390 1196 1446 opportunitas
1222 1389 1416 1442 temporis.

294 1448 448 1500 Itaque,
479 1450 807 1501 quemadmodum
833 1449 1035 1501 expediam
1055 1447 1203 1486 exitum
1221 1445 1338 1495 hujus
1356 1444 1417 1501 in·

293 1502 436 1541 stitutae
465 1504 658 1549 orationis,
689 1517 767 1542 non
793 1504 962 1556 reperio:
992 1515 1117 1553 neque
1142 1501 1246 1539 enim
1273 1499 1419 1538 tristius

293 1555 417 1595 dicere
429 1558 642 1610 quidquam
657 1558 774 1597 debeo
794 1558 839 1596 ea
853 1558 900 1595 de
918 1570 972 1604 re,
982 1569 1104 1608 ,quam
1120 1564 1164 1600 tu
1182 1555 1263 1606 ipse
1281 1551 1421 1592 omini-

294 1612 368 1649 bus
387 1612 542 1662 optimis
560 1613 809 1665 prosequeris.
839 1613 980 1663 Neque
998 1623 1076 1649 non
1089 1622 1153 1648 me
1171 1617 1301 1647 tamen
1314 1619 1419 1645 mor-

293 1664 360 1703 det
377 1665 547 1717 aliquid:
578 1667 618 1704 in
638 1680 715 1718 quo
734 1679 858 1705 unum
883 1678 1026 1711 vereor,
1046 1676 1095 1702 ne
1113 1671 1156 1702 tu
1174 1674 1314 1714 parum
1331 1673 1420 1713 per-

295 1719 431 1771 spicias
450 1733 506 1767 ea,
529 1734 615 1772 quae
634 1729 739 1772 gesta
758 1728 860 1767 sunt,
877 1721 926 1758 ab
946 1719 1031 1757 aliis
1044 1731 1123 1757 esse
1141 1724 1260 1769 gesta,
1277 1715 1418 1768 quibus

295 1786 367 1824 ego
396 1773 450 1812 ita
478 1774 720 1822 mandaram,
751 1783 809 1822 ut,
844 1787 933 1813 cum
964 1781 1045 1811 tam
1076 1773 1190 1823 longe
1217 1770 1420 1808 abfuturus

298 1840 434 1875 essem,
467 1828 516 1865 ad
535 1841 597 1866 me
615 1841 664 1866 ne
692 1829 900 1875 referrent3
932 1834 1099 1879 agerent,
1129 1824 1234 1877 quod
1262 1823 1420 1875 probas-

295 1890 390 1920 sent.
424 1882 470 1920 In
490 1882 562 1920 hoc
580 1890 709 1920 autem
728 1882 825 1920 mihi
836 1881 934 1920 illud
946 1880 1107 1920 occurrit
1122 1895 1132 1918 :
1165 1878 1274 1927 Quid
1289 1885 1332 1916 tu
1346 1876 1419 1928 igi-

298 1943 375 1984 tur,
396 1935 428 1973 si
445 1935 648 1975 affuisses?
689 1937 790 1975 Rem
810 1934 1039 1988 probassem.
1077 1934 1139 1972 De
1157 1940 1342 1985 tempore,
1361 1931 1422 1968 ni-

298 1988 355 2027 hil
375 1998 410 2027 te
429 1990 564 2037 invito,
584 1990 682 2028 nihil
700 1991 780 2028 sine
800 1991 955 2029 consilio
975 1989 1137 2041 egissem
1155 1995 1234 2026 tuo.

353 2043 474 2082 Vides
499 2044 635 2083 sudare
666 2058 744 2092 me,
775 2044 1009 2094 jamdudum
1040 2044 1293 2088 laborantem,
1323 2051 1420 2093 quo-

301 2097 416 2136 modo
435 2111 479 2137 ea
498 2106 620 2145 tuear,
641 2112 727 2150 quae
746 2099 843 2136 mihi
861 2098 1005 2136 tuenda
1033 2104 1136 2144 sunt,
1157 2102 1196 2134 et
1212 2103 1250 2133 te
1269 2106 1345 2133 non
1364 2093 1422 2132 of-

298 2151 467 2190 fendam.
497 2153 605 2191 Leva
622 2165 685 2191 me
699 2152 817 2203 igitur
834 2152 907 2191 hoc
925 2165 1037 2190 onere
1053 2164 1065 2197 ;
1095 2161 1296 2201 nunquam
1316 2147 1419 2186 enim

299 2206 396 2244 mihi
416 2206 546 2245 videor
565 2207 744 2246 tractasse
774 2219 928 2245 causam
953 2205 1216 2244 difficiliorem.
1258 2202 1321 2240 Sic
1350 2201 1419 2239 ha·-
