1481 2422
232 102 313 143 292
449 103 532 142 AD
563 101 862 144 DIVERSOS.
893 101 994 142 Lm.
1023 100 1080 142 X.
1112 100 1176 140 11.

232 219 440 264 apparatus
470 220 575 252 tuus.
617 212 741 262 Cujus
762 212 818 251 rei
844 224 924 250 non
950 210 1067 250 modo
1083 221 1163 249 non
1181 207 1363 261 praeteriit

233 274 412 318 tempus;
443 267 509 306 sed
527 280 576 306 ne
594 275 793 306 maturum
812 266 972 328 quidem
990 266 1107 304 etiam
1128 276 1246 312 nunc,
1274 275 1364 302 meo

232 320 392 371 quidem
407 321 567 371 judicio,
598 321 686 360 fuit.
720 323 761 360 Is
791 321 896 360 enim
924 321 1091 375 denique
1119 319 1241 358 honos
1265 317 1364 356 mihi

231 374 352 413 videri
371 376 481 424 solet,
502 377 585 428 qui,
615 389 692 415 non
711 384 866 437 propter
887 388 997 427 spem
1023 373 1146 413 futuri
1173 371 1362 420 beneficii,

232 429 300 467 sed
329 438 484 482 propter
513 443 657 483 magna
684 431 835 480 merita,
868 429 980 469 claris
1008 429 1098 468 viris
1127 427 1298 467 defertur
1325 433 1363 465 et

233 483 360 522 datur.

286 537 434 587 Quare,
455 539 504 578 sit
521 539 637 578 modo
657 539 789 591 aliqua
806 538 1036 591 respublica,
1065 537 1107 577 in
1136 536 1216 590 qua
1241 536 1363 574 honos

230 592 379 631 elucere
410 607 497 645 poss
482 594 555 639 sitg
589 594 770 632 omnibus
802 593 919 645 (mihi
951 591 1080 643 crede)
1115 590 1363 652 amplissimis

229 646 438 686 honoribus
468 647 694 686 abundabis.
726 648 766 686 Is
792 657 938 695 autem,
967 646 1038 699 qui
1062 659 1150 686 vere
1176 659 1253 698 app

229 709 355 751 potest
373 702 508 748 honos,
529 714 607 740 non
626 702 924 740 invitamentum
944 701 994 739 ad
1013 709 1180 753 tempus,
1196 699 1263 739 sed
1275 712 1363 751 per·

229 763 357 806 petuae
370 756 522 794 virtutis
535 763 589 794 est
601 756 820 807 praemium.
842 756 1124 804 Quamobrem,
1137 754 1193 793 mi
1202 754 1360 802 Plance,

230 809 412 848 incumbe
438 818 517 849 toto
546 819 697 862 pectore
723 810 771 848 ad
796 810 979 855 laudem:
1010 809 1173 849 subveni
1199 808 1359 861 patriae3

231 863 420 915 opitulare
451 865 633 917 collegae;
664 865 841 904 omnium
868 864 1045 916 gentium
1073 875 1301 904 consensum
1324 870 1362 901 et

230 917 493 957 incredibilem
510 919 829 971 conspirationem
841 919 996 969 adjuva.
1017 919 1091 958 Me
1103 927 1259 957 tuorum
1271 929 1362 956 con-

231 972 405 1011 siliorum
424 973 656 1024 adjutorem,
677 974 875 1026 dignitatis
893 973 1099 1020 fautorem,
1118 973 1301 1012 omnibus
1319 972 1361 1010 in

231 1028 345 1065 rebus
364 1026 435 1066 tibi
458 1028 735 1067 amicissimum
761 1028 1120 1080 fidelissimumque,
1147 1039 1362 1079 cognosces.

231 1081 300 1122 Ad
320 1094 382 1120 eas
400 1082 504 1120 enim
524 1096 669 1130 causas,
690 1083 833 1146 quibus
851 1083 951 1121 inter
976 1095 1045 1122 nos
1062 1095 1194 1123 amore
1212 1093 1362 1129 sumus,

232 1135 380 1184 officiis,
401 1144 603 1184 vetustate,
624 1138 833 1188 conjuncti,
865 1137 1000 1190 patriae
1018 1137 1154 1176 caritas
1182 1135 1360 1175 accensit.

233 1202 355 1242 eaque
385 1190 524 1239 effecit,
554 1199 599 1230 ut
618 1200 725 1230 tuam
744 1193 864 1232 vitam
894 1191 1125 1232 anteferrem
1153 1203 1263 1230 meae.
1291 1189 1362 1230 111

232 1244 422 1286 calendas
441 1245 605 1299 Aprilis.
638 1247 750 1287 Vale.

423 1424 542 1480 (ll.)
574 1425 840 1467 PLANCUS
870 1425 1168 1467 CICERONI.

287 1557 615 1608 (Argumentum.
634 1583 690 1590 --
705 1556 858 1596 Gratias
877 1557 957 1609 agit
974 1555 1234 1596 beneficentiae
1252 1554 1362 1595 cioe-

230 1612 335 1674 ronis
349 1625 361 1657 ;
382 1619 429 1716 >et
459 1612 507 1651 de
537 1626 606 1652 suo
637 1612 677 1650 in
704 1613 983 1664 rempublicam
1007 1611 1134 1651 studio
1158 1610 1361 1664 pollicetur

231 1677 373 1704 omma.

286 1795 531 1835 Immortales
549 1809 622 1848 ago
634 1796 704 1835 tibi
722 1797 877 1848 gratias,
890 1809 1082 1849 agamque
1095 1795 1191 1835 dum
1206 1795 1355 1835 vivam.
1344 1810 1356 1820 ·

229 1861 337 1898 nam,
358 1851 571 1891 relaturum
591 1863 669 1898 me,
699 1851 889 1890 affirmare
912 1864 989 1890 non
1018 1864 1190 1903 possum.
1220 1850 1360 1889 Tantis

230 1903 334 1942 enim
354 1905 430 1943 tuis
449 1905 582 1944 officiis
600 1917 677 1943 non
697 1905 826 1944 videor
845 1906 941 1944 mihi
966 1905 1192 1958 respondere
1219 1917 1358 1957 posse·

231 1957 305 1996 nisi
317 1958 427 2006 forte,
444 1967 489 1997 ut
507 1967 550 1998 tu
570 1959 794 2011 gravissime
812 1960 1136 2011 disertissimeque
1155 1959 1355 2010 scripsisti,

227 2011 283 2050 ita
301 2025 480 2052 sensurus
499 2026 552 2063 es,
573 2021 616 2052 ut
631 2026 694 2052 me
707 2014 846 2053 referre
859 2014 1022 2066 gratiam
1037 2022 1165 2066 putes,
1175 2027 1265 2052 cum
1277 2026 1361 2052 me-

228 2067 353 2105 moria
384 2070 532 2107 tenebo.
574 2068 616 2107 Si
635 2068 683 2107 de
711 2069 781 2107 filii
807 2069 865 2107 tui
890 2069 1077 2116 dignitate
1095 2075 1193 2107 &sset
1210 2076 1357 2119 aetum,

226 2122 432 2160 amabilius
447 2130 546 2161 certe
557 2123 655 2162 nihil
666 2123 789 2162 facere
800 2123 999 2175 potuisses.
1020 2122 1165 2162 Pn‘mae
1180 2130 1258 2162 tuae
1268 2134 1357 2161 sen-

223 2176 354 2214 tentiae
372 2175 532 2216 infinitis
551 2190 640 2216 cum
660 2179 910 2224 muneribus3
940 2178 1178 2230 posteriores,
1190 2177 1353 2216 adtem-

218 2241 292 2282 pus
328 2230 608 2286 arbitriumque
644 2232 856 2273 amicorum
886 2245 1063 2279 meorum
1100 2231 1352 2285 compositae;
