1481 2422
249 98 329 135 350
445 97 529 137 AD
558 98 858 139 DIVERSOS.
889 99 990 138 Lm.
1011 98 1090 139 XI.
1119 101 1186 138 25.

361 206 478 260 (24.)
520 208 734 249 CICERO
765 210 818 249 D.
847 208 1050 249 BRUTO
1077 210 1119 249 S.
1140 208 1187 247 P.
1207 207 1262 247 D.

304 318 361 359 (A
367 324 633 369 rgumentum.
646 344 701 352 --
712 319 935 372 Respondet
972 318 1157 370 superiori
1192 317 1375 370 epistolae‚

245 372 326 423 quii
343 373 522 413 timorem
540 374 613 413 sibi
631 382 830 413 exemtum
844 374 946 414 dicit.
973 373 1115 422 Addit,
1141 372 1236 425 quid
1258 384 1374 425 agen·

247 426 344 466 dum
363 427 398 466 ei
417 428 491 475 sit3
522 436 560 468 et
578 428 626 468 de
644 427 807 481 pecunie}
825 427 1007 476 decreto.)

300 536 428 576 Narro
458 538 553 576 tibi:
590 547 702 577 antea
731 538 992 577 subirascebar
1016 537 1197 577 brevitati
1219 543 1375 576 tuarum

244 591 468 630 literarum:
500 605 604 631 nunc
622 593 720 631 mihi
738 593 884 645 loquax
902 605 981 632 esse
999 591 1141 631 videor.
1180 591 1243 631 Te
1258 590 1377 643 igitur

242 645 436 685 imitabor.
466 647 599 695 Quam
620 648 759 697 multa,
779 660 899 700 quam
919 646 1079 699 paucis!
1111 645 1174 685 Te
1192 652 1292 685 recte
1309 658 1377 683 va-

243 699 336 747 lere,
356 713 591 754 operamque
610 701 715 749 dare,
735 710 780 740 ut
798 701 970 755 quotidie
982 701 1147 748 melius3
1178 699 1375 752 Lepidum

243 756 445 794 commode
480 757 648 803 sentire3
690 756 814 796 tribus
851 756 1082 796 exercitibus
1116 755 1271 809 quidvis
1306 766 1378 793 nos

244 817 418 861 oportere
450 811 652 850 confidere.
699 811 742 850 Si
772 810 933 851 timidus
963 824 1100 859 essem,
1136 818 1268 849 tamen
1304 807 1378 848 ista

242 863 405 916 epistola
433 866 531 904 mihi
561 879 719 905 omnem
745 874 896 905 metum
926 866 1174 905 abstersisses.
1213 863 1305 911 Sed,
1331 872 1377 902 ut

242 931 391 968 mones,
423 920 577 959 frenum
601 921 804 960 momordi.
839 921 1015 969 Etenim,
1042 920 1126 973 qui,
1146 927 1186 959 te
1211 918 1374 966 incluso,

242 985 400 1013 omnem
431 988 541 1027 spem
570 975 774 1014 habuerim
805 976 845 1014 in
880 983 932 1024 te,
964 975 1061 1028 quid
1090 987 1198 1014 nunc
1225 979 1340 1026 putas
1356 976 1375 1013 ἓ

245 1027 374 1080 Cupio
389 1031 474 1080 jam
493 1031 667 1082 vigiliam
693 1043 837 1076 meam,
863 1031 1003 1077 Brute,
1016 1029 1088 1069 tibi
1106 1029 1281 1075 tradere3
1310 1027 1378 1067 sed

242 1082 310 1130 ita,
331 1091 376 1122 ut
399 1096 449 1123 ne
471 1084 594 1124 desim
621 1085 845 1125 constantiae
868 1098 978 1124 meae.
1015 1084 1137 1133 Quod
1159 1083 1306 1131 scribis,
1332 1082 1374 1122 in

243 1137 360 1177 Italia
379 1147 417 1177 te
435 1148 693 1189 moraturum,
720 1140 816 1178 dum
842 1140 914 1179 tibi
935 1140 1056 1178 literae
1073 1152 1172 1178 meae
1189 1138 1373 1184 veniant,
1361 1151 1373 1161 ·

241 1192 273 1230 si
291 1206 360 1244 per
378 1193 528 1233 hostem
546 1194 649 1242 licet,
663 1207 741 1234 non
761 1194 921 1234 erraris:
953 1195 1079 1233 multa
1098 1194 1203 1232 enim
1221 1193 1374 1232 Romae.

240 1247 310 1286 Sin
330 1247 497 1287 adventu
514 1257 581 1288 tuo
602 1250 751 1288 bellum
776 1249 912 1289 confici
931 1256 1071 1302 potest,
1091 1248 1191 1288 nihil
1208 1247 1258 1286 sit
1276 1247 1376 1286 anti-

240 1301 369 1353 quius.
402 1303 588 1351 Pecunia,
610 1304 899 1357 expeditissima
913 1317 1002 1356 quae
1020 1310 1115 1350 erat,
1135 1302 1206 1341 tibi
1225 1301 1375 1340 decreta

239 1363 310 1395 est.
341 1357 476 1397 Habes
498 1359 809 1398 amantissimum
835 1358 1029 1398 Servium.
1054 1358 1142 1398 Nos
1159 1369 1239 1397 non
1261 1356 1374 1396 (ἰδυ-

239 1423 341 1451 mus.
371 1412 484 1452 Vale.
515 1414 628 1453 VIII
650 1413 747 1452 Idus
766 1413 922 1453 Junias.

362 1572 480 1622 (25.)
510 1572 573 1613 M.
596 1573 648 1613 T.
675 1573 721 1614 c.
752 1574 805 1613 D.
831 1573 1034 1614 BRUTO
1063 1575 1103 1614 s.
1125 1573 1173 1612 P.
1194 1572 1248 1612 D.

296 1682 628 1736 (Argumentum.
642 1710 698 1717 —-
711 1684 941 1736 Exspectari
969 1697 994 1723 a
1027 1697 1066 1723 se
1096 1681 1213 1722 Bruti
1245 1681 1373 1721 literas

237 1737 319 1776 ait:
350 1738 424 1776 sibi
443 1737 543 1777 nihil
561 1752 642 1778 esse
661 1739 767 1792 quod
785 1739 991 1778 scriberet:
1021 1738 1062 1777 in
1082 1738 1166 1791 ipso
1178 1745 1217 1778 et
1228 1737 1374 1777 Planco

236 1805 348 1845 spem
365 1805 523 1832 omnem
541 1801 652 1842 esse.)

289 1901 544 1954 Exspectanti
581 1903 680 1942 mihi
716 1910 803 1942 tuas
838 1902 1010 1956 quotidie
1048 1902 1192 1950 literas,
1231 1901 1372 1955 Lupus

234 1964 365 1996 noster
383 1957 511 1996 subito
529 1957 785 2007 denuntiavit,
804 1958 910 1997 utad
930 1966 968 1998 te
986 1957 1204 2005 scriberem,
1225 1956 1257 1995 si
1276 1956 1371 2009 quid

235 2011 389 2050 vellem
425 2011 515 2064 Ego
545 2020 693 2061 autem,
723 2012 811 2061 etsi,
837 2013 943 2065 quod
962 2012 1180 2059 scriberem,
1200 2023 1279 2050 non
1301 2010 1372 2049 ha-

233 2066 390 2114 bebam,
412 2068 534 2111 (Acta
548 2067 653 2106 enim
673 2067 722 2106 ad
741 2074 779 2106 te
800 2067 904 2106 mitti
922 2067 1104 2113 sciebam,
1123 2066 1281 2104 inanem
1299 2078 1371 2104 au-

234 2126 315 2158 tem
345 2133 562 2160 sermonem
587 2122 787 2161 literarum
813 2122 883 2161 tibi
909 2121 1167 2182 injucundum
1193 2133 1275 2159 ωε
1299 2133 1370 2158 au-

231 2173 405 2223 diebam)
432 2175 660 2217 brevitatem
686 2184 841 2217 secutus
860 2189 965 2225 sum,
991 2183 1029 2216 te
1047 2174 1244 2228 magistro.
1285 2173 1368 2214 Sci-
