1501 2407
258 95 338 134 206
437 94 523 135 AD
553 94 853 136 DIVERSOS.
883 96 986 136 1113.
1006 95 1108 137 V11.
1138 98 1203 135 25.

259 203 370 243 valde
399 211 438 244 te
472 205 675 245 laborasse.
719 206 829 245 Amo
864 206 983 258 igitur
1012 207 1285 248 voluntatems,
1308 205 1387 246 Sed

257 271 381 309 pauca
398 260 445 299 de
463 267 513 299 te.
544 261 680 312 Cipius
705 261 874 313 (opinor)
897 261 1006 309 olim,
1043 263 1072 284 ‘⁶
1093 262 1188 300 Non
1205 244 1394 300 omnibus

257 312 428 353 dormio:
437 315 462 333 '⁹
491 316 544 354 sic
569 329 638 367 ego
668 328 745 354 non
775 317 969 364 omnibus,
1002 316 1060 354 mi
1091 315 1219 364 Galle,
1249 315 1384 355 servio.

257 366 345 407 Etsi
364 383 451 421 quae
471 378 526 409 est
544 369 626 409 haec
645 371 837 410 servitus?
878 371 1004 419 Olim,
1032 383 1121 409 cum
1140 382 1298 421 regnare
1316 383 1385 408 ex-

255 421 537 471 istimabamur,
557 437 634 463 non
659 432 740 463 tam
760 427 808 464 ab
836 425 942 472 ullis,
972 438 1093 476 quam
1114 425 1187 463 hoc
1212 431 1386 476 tempore

256 478 433 518 observor
458 493 482 517 a
505 479 810 518 familiarissimis
836 479 997 518 Caesaris
1022 480 1216 527 omnibus,
1246 485 1386 531 praeter

253 531 385 571 istum.
427 533 477 572 Id.
503 547 573 585 ego
601 534 642 571 in
673 534 789 573 lucris
819 547 936 586 pono,
962 546 1039 572 non
1065 534 1163 572 ferre
1184 533 1385 572 hominem

255 587 554 637 pestilentiorem
583 589 709 640 patria
739 602 832 627 sua:
873 601 1041 640 eumque
1071 588 1271 627 addictum
1298 588 1385 638 jam

254 648 341 679 tum
367 651 462 694 puto
484 656 562 682 esse
585 643 696 681 Calvi
719 642 861 682 Licinii
887 643 1156 696 Hipponacteo
1180 642 1384 695 praeconio.

253 695 315 734 At
333 696 433 745 vide,
454 697 548 749 quid
567 704 797 736 succenseat.

311 751 494 790 Phameae
513 764 669 790 causam
687 764 918 803 receperam,
937 752 1059 804 ipsius
1070 751 1229 804 quidem
1246 764 1382 791 causa:

255 813 336 844 erat
355 806 458 844 enim
477 806 574 844 mihi
586 819 675 845 sane
693 806 904 845 familiaris.
933 806 976 845 Is
995 806 1044 845 ad
1057 819 1122 845 me
1136 806 1267 852 venit3
1296 805 1385 845 dix-

254 859 377 912 itque,
395 860 566 909 judicem
584 860 658 900 sibi
682 874 838 913 operam
857 860 948 899 dare
965 860 1218 909 constituisse,
1237 873 1282 900 eo
1299 859 1384 913 ipso

254 913 331 963 die,
353 928 431 967 quo
454 915 501 954 de
527 916 573 954 P.
594 915 726 955 Sextio
753 915 795 954 in
823 915 1026 955 consilium
1048 915 1096 954 iri
1120 927 1271 955 necesse
1287 922 1384 954 erat.

256 969 470 1021 Respondi,
501 971 611 1009 nuno
637 970 754 1009 modo
782 983 847 1009 me
869 969 993 1009 facere
1027 983 1153 1022 posse,
1181 982 1272 1008 cum
1302 970 1383 1009 vel-

254 1024 333 1062 lem
351 1039 361 1062 :
393 1024 516 1064 alium
533 1025 636 1063 diem
650 1026 681 1064 si
698 1025 908 1072 sumsisset,
921 1038 986 1064 me
999 1025 1034 1063 ei
1048 1037 1125 1064 non
1141 1023 1382 1063 defuturum.

256 1078 332 1118 Ille
349 1086 494 1127 autem,
516 1079 585 1132 qui
603 1079 727 1128 sciret,
752 1093 792 1118 se
813 1088 993 1132 nepotem
1015 1079 1165 1118 bellum
1184 1078 1382 1118 tibicinem

253 1133 408 1180 habere,
436 1142 473 1172 et
496 1142 553 1173 sat
575 1136 720 1173 bonum
753 1144 967 1182 unctorem,
997 1133 1167 1172 discessit
1188 1147 1212 1172 a
1230 1146 1295 1172 me
1321 1135 1383 1178 (ut

253 1188 351 1226 mihi
365 1188 581 1235 videbatur)
597 1189 737 1228 iratior.
769 1189 903 1228 Habes
917 1188 1056 1228 Sardos
1074 1187 1240 1235 venales,
1260 1187 1383 1226 alium

252 1242 329 1281 alio
359 1243 593 1295 nequiorem.
637 1243 823 1295 Cognosti
851 1256 980 1282 meam
1009 1255 1178 1290 causam,
1207 1249 1246 1281 et
1269 1242 1382 1281 istius

251 1297 446 1336 Salaconis
459 1298 715 1350 iniquitatem.
737 1300 765 1321 ‘⁶
775 1298 992 1337 Catonem”
1006 1304 1121 1336 tuum
1133 1297 1231 1335 mihi
1244 1296 1378 1336 mitte:

252 1352 366 1403 cupio
399 1352 502 1391 enim
534 1353 686 1404 legere:
729 1365 792 1391 me
824 1352 950 1391 adhuc
980 1364 1058 1390 non
1086 1351 1236 1403 legisse,
1267 1359 1380 1403 turpe

253 1407 408 1458 utrique
426 1409 598 1446 nostrum
619 1414 685 1445 est.
727 1407 837 1446 Vale.

288 1564 400 1612 (25.)
432 1563 648 1605 CICERO
676 1567 717 1606 S.
738 1564 791 1604 D.
822 1564 885 1604 M.
914 1564 1096 1605 FABIO
1125 1562 1338 1604 GALLO.

310 1673 638 1725 (Argumentum.
651 1675 936 1727 -Epistolam
955 1674 1180 1713 conscissam
1199 1685 1278 1712 non
1296 1685 1377 1712 esse

249 1727 427 1765 nuntiat:
459 1735 496 1766 et
514 1730 698 1778 monitus,
723 1743 770 1768 ne
788 1729 979 1768 incautius
1007 1728 1055 1766 de
1073 1729 1223 1768 Caesare
1240 1728 1375 1779 loqua-

249 1787 327 1827 tur,
348 1782 489 1832 gratias
504 1783 609 1834 agit;
641 1792 692 1829 et,
706 1792 750 1822 ut
769 1791 904 1835 pergat
923 1783 1057 1822 stilum
1080 1795 1266 1830 exercere,
1285 1781 1374 1820 hor-

247 1841 363 1873 tatur.
393 1835 545 1875 Eodem
563 1836 697 1887 anno.)

241 1979 246 1982 .
304 1941 424 1991 Quod
443 1945 642 1996 epistolam
670 1947 897 1987 conscissam
926 1947 1045 1995 doles,
1074 1946 1154 1984 noli
1174 1946 1371 1985 laborare.
1361 1960 1370 1968 ·

238 1997 354 2040 salva
372 2006 455 2045 est;
478 1999 593 2039 domo
612 2008 731 2053 petes,
752 2015 842 2040 cum
855 2001 1003 2040 libebit.
1035 1999 1152 2049 Quod
1166 2007 1297 2038 autem
1311 2011 1375 2038 me

249 2064 395 2098 mones,
416 2053 527 2092 valde
553 2063 707 2106 gratum
736 2063 817 2094 est·
848 2056 966 2108 idque
993 2063 1038 2093 ut
1065 2067 1214 2116 semper
1240 2053 1371 2100 facias,

246 2118 350 2157 rogo.
383 2107 535 2147 Videris
547 2109 649 2148 enim
662 2109 759 2148 mihi
778 2110 911 2157 vereri,
930 2122 992 2157 ne,
1013 2110 1046 2148 si
1064 2109 1182 2147 istum
1193 2107 1372 2147 habueri-

239 2171 350 2206 -mus,
371 2160 564 2201 rideamus
583 2170 735 2211 γελωτα
755 2163 944 2215 §uffo-nov.
978 2164 1055 2203 Sed
1073 2163 1169 2202 heus
1187 2162 1259 2201 tu!
1287 2174 1370 2200 ma-

245 2225 342 2252 num
360 2214 408 2253 de
428 2217 586 2263 tabula3
617 2217 799 2268 magister
817 2217 923 2258 adest
934 2218 1060 2267 citius,
1076 2229 1194 2268 quam
1213 2215 1369 2268 putara-
