1501 2407
378 79 462 118 AD
491 79 789 119 DIVERSOS.
822 80 922 118 LIB.
947 78 1002 117 ΙΙ.
1029 80 1090 119 19.
1249 84 1301 119 55

245 184 349 225 Cum
378 187 663 239 optatissimum
685 188 868 227 nuntium
889 187 1128 239 accepissem,
1152 195 1190 227 te
1220 189 1318 227 mihi

183 247 416 289 quaestorem
435 242 627 293 obtigisse,
648 256 692 281 eo
707 243 978 292 jucundiorem
1005 242 1103 279 mihi
1132 255 1216 280 eam
1237 256 1317 281 sor-

190 299 268 331 tem
286 297 489 346 sperabam
508 297 602 343 fore,
624 309 702 348 quo
725 296 898 335 diutius
887 308 927 333 m
947 295 1142 347 provincia
1162 309 1316 335 mecum

187 347 333 386 fuisses.
363 349 505 401 Blagni
525 351 627 388 enim
642 350 844 389 videbatur
862 351 1054 397 interesse,
1075 350 1124 388 ad
1144 363 1228 388 eam
1248 364 1315 389 ne-

187 401 470 452 cessitudinem,
491 418 611 456 quam
625 405 734 443 nobis
747 417 825 443 5015
841 404 1048 451 tribuisset,
1070 405 1316 443 consuetudi-

187 467 278 494 nem
285 470 439 508 quoque
453 458 638 497 accedere.
663 459 919 510 Posteaquam
931 458 1029 495 mihi
1040 458 1137 495 1111111
1152 471 1277 510 110(1110
1292 473 1316 497 a

188 515 225 547 te
239 509 336 560 ipso,
348 524 473 563 neque
492 514 540 551 ab
552 513 633 551 ullo
647 513 736 560 alio,
748 513 795 551 (10
807 513 973 550 adventu
988 519 1055 550 tuo
1067 512 1312 559 scriberetur,

189 566 358 614 verebar,
377 578 426 603 ne
445 566 485 604 id
503 567 558 605 ita
583 567 745 614 caderet,
768 566 889 627 ((111οᾱ
908 566 1023 604 etiam
1043 579 1147 605 nunc
1166 575 1314 615 vereor)

187 629 237 655 ne
256 626 357 667 ante,
378 633 497 671 quam
511 628 555 659 tu
573 620 613 658 in
632 635 726 672 prov
727 621 868 659 inciam
887 621 1066 668 venisses,
1084 633 1153 671 ego
1166 621 1213 659 de
1227 634 1315 673 pro,

187 671 314 710 vincia
331 673 563 713 decederem.
609 675 757 727 Accepi
784 682 914 713 autem
933 688 957 712 a
973 683 1011 713 te
1029 675 1164 713 missas
1189 675 1317 714 literas

187 726 229 764 in
248 726 399 776 Cilicia,
420 742 510 768 cum
538 742 657 768 essem
675 730 717 767 in
735 730 880 777 castris,
901 743 935 767 a.
953 729 991 767 d.
1012 729 1053 766 X
1081 729 1165 767 Cal.
1187 729 1316 776 Quin-

188 780 288 830 tiles,
309 782 466 844 scriptas
492 783 795 822 humanissime:
827 783 968 836 quibus
992 783 1104 821 facile
1132 791 1170 821 et
1196 783 1315 821 offici-

189 847 258 872 um
277 842 314 873 et
324 836 524 887 ingenium
543 845 656 876 tuum
674 838 836 890 perspici
846 845 982 889 posset.
1013 837 1089 875 Sed
1101 850 1226 889 neque
1237 850 1311 876 un-

183 888 250 939 de,
263 901 389 942 neque
408 905 485 943 quo
504 892 579 940 die,
600 892 699 930 datae
714 900 850 941 essent,
869 890 1024 944 [atque]
1045 905 1123 943 quo
1141 899 1313 943 tempore

186 950 227 982 te
245 952 518 995 exspectarem,
542 946 830 997 significabant:
861 959 931 984 nec
955 946 1002 993 15,
1032 946 1101 997 (1111
1119 946 1312 994 attulerat,

186 1011 212 1036 a
229 1004 268 1036 te
292 1007 499 1050 acceperat,
531 1008 576 1037 ut
612 1013 660 1038 ex
694 1013 738 1038 eo
771 1001 920 1049 scirem,
955 1013 1032 1051 quo
1065 1013 1113 1037 ex
1143 1000 1240 1048 1000,
1275 1008 1316 1039 et

185 1065 266 1103 quo
284 1060 467 1104 tempore,
490 1061 613 1092 essent
637 1054 748 1093 datae,
776 1055 878 1102 Quae
897 1067 987 1092 cum
1006 1062 1129 1092 essent
1150 1054 1308 1102 incerta,

182 1106 404 1145 existimavi
439 1115 567 1146 tamen
599 1121 677 1147 esse
695 1108 929 1156 faciendum,
950 1116 993 1146 ut
1017 1108 1066 1146 ad
1084 1116 1121 1146 te
1155 1115 1312 1147 statores

178 1173 292 1199 *meos
320 1168 358 1199 et
375 1161 525 1200 lictores
543 1175 630 1201 cum
660 1163 779 1201 literis
806 1170 1023 1200 mitterem:
1055 1176 1150 1214 quas
1172 1163 1202 1200 si
1223 1163 1314 1202 satis

171 1221 403 1276 ÷opportuno
431 1223 603 1269 tempore
629 1217 818 1268 accepisti,
851 1217 1114 1278 gratissimum
1138 1216 1237 1254 mihi
1255 1215 1311 1255 fe-

169 1269 292 1318 ceris,
313 1269 345 1308 si
370 1270 419 1308 ad
441 1283 506 1308 me
525 1271 567 1308 in
588 1270 765 1309 Ciliciam
802 1284 921 1322 quam
951 1271 1124 1322 primum
1148 1271 1309 1310 veneris.

184 1324 292 1362 Nam
312 1325 417 1376 quod
444 1325 494 1363 ad
520 1338 585 1364 me
613 1325 769 1373 Curius,
801 1325 1049 1364 consobrinus
1077 1332 1183 1371 tuus,
1213 1325 1311 1363 mihi

169 1381 247 1432 -.(ut
269 1379 356 1427 5015)
374 1379 546 1418 maxime
563 1380 807 1427 necessarius,
837 1379 942 1430 quod
960 1380 1050 1418 item
1074 1379 1119 1416 C.
1149 1379 1312 1430 Virgili-

186 1446 248 1482 115,
274 1434 514 1495 propinquus
539 1441 645 1482 tuus,
672 1433 992 1472 familiarissimus
1022 1441 1164 1481 noster,
1197 1434 1246 1472 de
1274 1441 1313 1473 te

183 1488 467 1528 accuratissime
503 1488 677 1540 scripsitg
707 1489 808 1527 valet
839 1488 880 1525 id
913 1487 1070 1539 (1111(10111
1107 1487 1212 1539 apud
1248 1500 1313 1526 me

185 1543 372 1591 multum,
393 1543 505 1582 sicuti
521 1543 634 1581 debet
650 1542 856 1581 hominum
884 1542 1204 1580 amicissimorum
1223 1541 1312 1580 (1111-

177 1610 278 1648 ‚gens
297 1597 601 1638 commendatio:
633 1597 699 1635 sed
725 1604 804 1635 tuae
831 1597 964 1644 literae,
986 1596 1033 1634 de
1058 1596 1128 1634 tua
1154 1609 1312 1647 praeser-

185 1653 258 1692 tim
273 1653 473 1705 dignitate,
492 1658 529 1690 et
543 1651 590 1690 de
601 1651 732 1690 nostra
745 1650 1025 1700 conjunctione,
1039 1650 1202 1688 maximi
1222 1658 1313 1689 sunt

183 1708 288 1759 apud
306 1720 371 1746 me
393 1706 584 1768 ponderis.
612 1706 720 1744 Mihi
743 1713 908 1757 quaestor
926 1705 1090 1756 optatior
1115 1705 1312 1756 obtingere

183 1775 298 1801 nemo
321 1761 461 1814 potuit.
490 1760 771 1809 Quamobrem,
799 1772 1054 1819 quaecumque
1076 1772 1099 1796 a
1115 1771 1180 1797 me
1198 1771 1310 1797 orna-

183 1824 315 1856 menta
339 1815 389 1854 ad
406 1822 444 1854 te
461 1815 771 1877 proficiscentur-3
802 1822 847 1852 ut
873 1827 1006 1852 omnes
1033 1812 1310 1864 intelligant,a

183 1886 247 1911 me
264 1871 437 1910 habitam
456 1883 539 1909 esse
555 1870 743 1908 rationem
762 1876 840 1907 tuae
858 1869 1129 1918 majorumque
1152 1875 1308 1905 tuorum

180 1925 390 1982 dignitatis.
411 1925 496 1965 Sed
513 1923 554 1962 id
572 1923 722 1962 facilius
740 1936 963 1974 consequar,
985 1922 1018 1960 si
1036 1922 1086 1960 ad
1104 1934 1168 1959 me
1186 1921 1227 1959 in
1240 1921 1309 1959 Ci-

180 1978 311 2020 liciam
337 1978 507 2018 veneris:
537 1978 643 2031 quod
672 1991 742 2030 ego
761 1985 798 2016 et
822 1990 924 2025 mea,
954 1984 992 2015 et
1018 1976 1251 2029 reipublicae,
1271 1982 1307 2014 et

180 2034 352 2075 maxime
365 2033 449 2084 tua,
467 2033 646 2074 interesse
662 2032 836 2073 arbitror.
866 2031 979 2073 Vale.
