1501 2407
229 102 305 141 192
415 102 499 142 AD
519 102 817 144 DIVERSOS.
848 104 950 144 LIB.
969 102 1068 144 VII.
1100 104 1164 143 10.

222 223 320 259 rem,
340 218 408 249 aut
427 212 490 250 cui
517 212 664 258 darem,
691 212 918 252 nesciebam.
970 212 1098 265 Cupio
1127 211 1220 251 scire
1250 210 1348 263 quid

221 277 326 316 agas,
341 273 378 304 et
392 266 460 304 ubi
473 266 522 305 sis
532 267 782 306 hiematurus.
811 267 1008 320 Equidem
1023 266 1140 306 velim
1154 279 1244 305 cum
1263 266 1349 305 Cae-

223 332 328 358 sare:
360 319 426 358 sed
455 320 505 359 ad
526 335 631 369 eum,
652 331 808 373 propter
832 323 915 372 ejus
943 321 1223 373 occupationes,
1247 319 1346 358 nihil

223 387 310 411 sum
329 387 443 412 ausus
463 375 634 414 scribere.
663 376 732 413 Ad
751 376 923 414 Balbum
943 383 1072 414 tamen
1091 374 1235 427 scripsi.
1276 374 1344 412 Tu

223 427 352 466 deesse
377 429 447 466 tibi
474 430 565 468 noli.
596 431 724 469 Serius
742 430 870 482 potius
889 430 939 468 ad
957 443 1040 478 nos,
1060 430 1155 468 dum
1183 429 1342 480 plenior.

223 482 342 530 Quod
378 483 454 520 huc
483 497 675 535 properes,
704 485 802 523 nihil
834 491 904 532 est,
938 483 1150 535 praesertim
1182 482 1346 522 Battara.

223 544 386 575 mortuo.
418 538 494 576 Sed
513 538 583 576 tibi
605 539 806 576 consilium
825 551 903 576 non
929 539 1045 577 deest.
1075 537 1185 587 Quid
1205 537 1344 576 consti=

221 591 352 639 tueris,
374 591 487 643 cupio
507 592 611 630 scire.
661 592 735 631 Cn.
756 593 957 640 Octavius,
978 605 1028 630 an
1047 592 1120 631 Cn.
1142 591 1345 630 Cornelius

219 645 393 695 quidam,
414 653 503 684 tuus
522 646 734 693 familiaris,
754 660 908 685 summo
927 660 1064 697 genere
1081 654 1209 694 natus,
1230 653 1346 702 gerrae

135 696 200 743 L„
219 699 336 747 filius,
356 699 388 738 is
407 713 484 745 me,
511 700 603 751 quia
622 701 690 738 scit
710 708 824 738 tuum
849 700 1078 739 familiarem
1098 713 1192 749 esse,
1212 687 1348 739 crelir'l.)¹

221 753 271 790 ad
296 766 442 792 coenam
472 754 620 792 invitat.
670 755 815 794 Adhuc
848 766 926 793 non
958 755 1086 807 potuit
1110 754 1339 807 perducere:

222 808 287 846 sed
306 808 403 846 mihi
422 815 552 846 tamen
571 815 726 860 gratum
745 816 813 848 est.
842 809 955 850 Vale.
971 813 973 815 ’

305 970 421 1025 (10.)
451 972 512 1011 Μ.
544 971 759 1012 CICERO
787 974 826 1012 S.
848 972 902 1011 D.
930 971 1248 1012 TREBATIO.

283 1081 610 1133 (Argumentum.
623 1108 678 1114 —-
686 1082 761 1120 Per
771 1082 904 1132 jocum
917 1081 1098 1134 exagitat,
1109 1081 1214 1134 quod
1225 1080 1343 1133 scrip-

218 1143 317 1172 serat
335 1135 555 1183 Txebafim,
588 1150 626 1175 se
652 1136 794 1174 Caesari
812 1137 923 1175 valde
946 1136 1266 1187 jurisconsultum
1284 1135 1342 1174 vi-

219 1189 323 1227 deri:
355 1198 392 1228 et
420 1190 635 1229 timiditatis
663 1191 801 1242 arguit,
823 1191 892 1243 qui
909 1191 950 1229 in
969 1190 1211 1229 Britanniam
1232 1189 1341 1229 navi-

216 1257 307 1294 gare
343 1245 592 1283 recusaverit:
624 1253 661 1283 et
689 1253 733 1283 ut
766 1245 814 1283 de
842 1245 970 1284 fructu
1000 1244 1341 1283 commendationis

218 1298 493 1404 affaesarffm,
521 1307 559 1337 et
589 1299 769 1338 omnibus
798 1301 912 1339 rebus
940 1299 1031 1350 suis,
1052 1299 1191 1339 scribat
1212 1299 1339 1352 plura,

217 1365 253 1390 a(
267 1365 275 1378 ¹
309 1360 407 1391 onet.

270 1460 370 1512 Legi
399 1467 486 1500 tuas
510 1462 653 1510 literas,
689 1475 737 1500 ex
763 1462 905 1514 quibus
923 1462 1111 1510 intellexi,
1137 1469 1176 1501 te
1195 1460 1340 1501 Caesari

214 1522 343 1553 nostro
375 1516 488 1555 valde
509 1517 816 1566 jureconsultum
840 1517 971 1555 videri.
1011 1517 1099 1565 Est,
1121 1516 1225 1568 quod
1243 1528 1340 1567 gau-

214 1569 319 1617 deas,
340 1576 378 1608 te
398 1570 438 1608 in
457 1571 530 1608 ista
547 1571 631 1609 loca
649 1571 810 1617 venisse,
830 1571 900 1609 ubi
917 1571 1065 1624 aliquid
1083 1583 1215 1622 sapere
1233 1569 1339 1609 vide-

214 1636 310 1661 rere.
337 1623 454 1672 Quod
469 1625 500 1663 si
518 1625 559 1662 in
579 1625 823 1663 Britanniam
842 1638 997 1678 quoque
1014 1625 1206 1678 profectus
1225 1637 1336 1672 esses,

213 1677 382 1728 prefecto
404 1691 518 1718 nemo
535 1679 576 1716 in
595 1679 664 1717 illa
681 1679 788 1717 tanta
812 1680 940 1718 insula
959 1680 1115 1732 peritior
1134 1686 1172 1718 te
1189 1678 1335 1717 fuisset.

213 1731 495 1771 Verumtamen
517 1733 740 1785 (rideamus,
769 1734 880 1772 licet:
912 1737 1000 1773 sum
1019 1734 1122 1773 enim
1141 1747 1164 1771 a
1181 1740 1220 1772 te
1236 1733 1337 1771 invi-

212 1784 331 1835 tatus)
353 1787 576 1825 subinvideo
602 1787 686 1835 tibi,
708 1788 809 1826 ultro
834 1795 872 1826 te
899 1788 1015 1827 etiam
1039 1787 1259 1827 arcessitum
1285 1789 1334 1826 ab

212 1853 271 1887 eo,
292 1840 342 1878 ad
361 1854 477 1892 quem
497 1841 634 1888 caeteri,
651 1855 728 1880 non
747 1851 901 1893 propter
919 1843 1140 1894 superbiam
1159 1842 1255 1892 ejus,
1269 1841 1336 1880 sed

213 1902 368 1945 propter
387 1896 690 1947 occupationem,
716 1897 908 1948 adspirare
935 1909 1015 1936 non
1047 1904 1219 1948 possunt.
1260 1895 1336 1934 Sed

212 1956 256 1986 tu
275 1948 316 1986 in
334 1949 407 1987 ista
427 1950 587 2001 epistola
604 1950 702 1988 nihil
720 1951 818 1988 mihi
836 1951 1017 2003 scripsisti
1036 1951 1083 1989 de
1102 1950 1179 1988 zuis
1205 1951 1334 1998 rebus,

215 2016 303 2053 quae
323 2002 576 2055 (mehercule)
597 2004 694 2043 mihi
713 2017 791 2043 non
809 2005 950 2044 minori
967 2018 1067 2045 curae
1092 2011 1206 2053 sunt,-
1216 2016 1336 2056 quam

213 2069 322 2094 meae.

270 2111 397 2149 Valde
415 2120 561 2161 metuo,
581 2125 630 2152 ne
647 2112 787 2164 frigeas
803 2113 844 2151 in
862 2113 1054 2153 hibernis:
1085 2114 1337 2166 quamobrem

171 2210 176 2215 .
218 2165 370 2204 camino
398 2167 594 2206 luculento
613 2167 801 2206 utendum
831 2181 965 2207 censeo
997 2167 1118 2214 (idem
1144 2167 1282 2206 Mucio
1301 2173 1339 2205 et

218 2218 385 2258 Manilio
417 2221 627 2273 placebat),
659 2222 869 2274 praesertim
896 2221 965 2274 qui
995 2222 1095 2274 sagis
1120 2233 1198 2260 non
1217 2222 1340 2260 abun-
