1481 2422
291 96 373 136 AD
404 95 701 137 DIVERSOS.
731 98 832 137 LIB.
854 99 956 138 XII.
991 101 1051 139 15.
1154 103 1234 148 379

108 205 272 255 labellae,
292 219 316 244 a
334 206 451 245 classe
476 205 739 255 discesserunt,
773 207 940 259 navique
964 209 1081 261 longa
1099 210 1234 262 profu-

108 267 261 312 gerunt,
281 260 462 299 onerariis
485 259 649 306 relictis3
678 260 720 298 in
750 261 891 312 quibus
915 263 1137 314 colligendis
1155 277 1234 304 non

107 314 317 353 minimum
335 315 517 366 temporis
535 314 752 367 laborisque
771 325 1068 356 consumserant.

163 369 317 421 Itaque,
338 381 427 407 cum
447 371 496 407 ab
515 369 656 407 Rhodo
670 382 759 408 cum
773 369 833 418 iis,
851 384 946 421 quas
960 371 1231 423 habueramus,

109 423 316 472 navibus,
306 435 347 461 m
366 423 529 475 Lyciam
547 423 794 470 venissemus,
821 436 937 463 naves
966 428 1154 466 onerarias
1173 441 1235 466 re-

109 477 297 539 cepimus,
325 477 568 530 dominisque
594 477 855 516 restituimus:
886 479 1095 531 iidemque,
1128 483 1234 533 quod

106 531 278 570 maxime
307 534 547 593 verebamur,
579 544 628 570 ne
655 540 782 583 posset
809 532 1015 572 Dolabella
1036 548 1126 573 cum
1155 537 1234 576 suis

106 586 348 625 latronibus
337 599 379 624 m
398 586 554 624 Italiam
574 586 715 647 venire,
746 587 881 625 timere
899 587 1105 627 desiimus:
1137 590 1233 629 clas-

106 653 188 679 sem
214 640 429 692 fugientem
457 641 644 692 persecuti
674 654 808 680 sumus
835 654 958 693 usque
976 642 1123 705 Sidam,
1145 658 1234 696 quae

107 701 279 733 extrema
297 695 400 746 regio
419 702 476 733 est
493 695 697 746 provinciae
721 709 830 734 meae.
861 695 924 734 Ibi
942 698 1116 748 cognovi,
1143 712 1233 750 par-

105 755 185 788 tem
214 749 374 787 navium
402 748 618 788 Dolabellae
646 749 856 801 diffugisse,
888 751 1054 803 reliquas
1080 753 1233 814 Syriam

105 802 361 855 Cyprumque
378 803 541 855 petiisse.
572 804 727 851 Quibus
753 804 930 854 disjectis,
962 818 1052 844 cum
1080 807 1231 857 scirem,

105 857 152 897 C
174 857 310 907 Cassii,
330 858 533 909 singularis
547 858 638 896 civis
653 866 689 897 et
704 859 824 903 ducis,
846 859 1004 898 classem
1016 861 1232 901 maximam

103 911 185 951 fore
203 919 341 964 praesto
359 912 400 949 in
389 888 545 964 &Syrien
567 912 616 951 ad
633 925 766 951 meum
785 913 953 952 officium
973 915 1108 953 reverti
1125 930 1135 954 :
1163 916 1232 954 da-

103 967 232 1019 boque
249 979 419 1019 operam,
440 975 485 1005 ut
507 979 640 1005 meum
670 967 858 1013 studium,
890 967 1143 1019 diligentiam,
1165 984 1231 1009 vo-

102 1020 176 1068 bis,
195 1027 322 1072 patres
341 1020 556 1073 conscripti,
576 1022 708 1073 reique
724 1021 903 1073 publicae,
930 1030 1132 1073 praestem.
1163 1038 1230 1076 pe-

103 1074 349 1127 cuniamque,
372 1088 490 1127 quam
509 1076 723 1114 maximam
742 1083 887 1128 potero,
909 1084 946 1114 et
968 1090 1086 1128 quam
1113 1079 1229 1117 celer-

102 1129 214 1178 rime,
248 1142 398 1181 cogam,
430 1129 687 1182 omnibusque
719 1144 809 1170 cum
840 1130 1050 1170 rationibus
1081 1133 1130 1171 ad
1164 1147 1229 1173 vos

101 1183 268 1222 mittam.

156 1238 199 1278 Si
217 1252 436 1290 percurrero
454 1239 704 1302 provinciam,
725 1247 762 1278 et
787 1252 1010 1302 cognovero,
1032 1241 1100 1293 qui
1118 1242 1228 1282 nobis

102 1299 141 1331 et
157 1293 378 1360 reipublicae
401 1293 517 1332 fidem
536 1295 794 1346 praestiterunt
818 1295 859 1332 in
887 1296 1144 1335 conservanda
1160 1311 1229 1349 pe-

101 1347 216 1386 cunia
235 1362 258 1386 3
275 1361 338 1386 1113
356 1347 540 1399 deposita,
562 1348 718 1401 quique,
740 1350 877 1388 scelere
895 1349 998 1387 ultro
1016 1349 1227 1391 deferentes

99 1402 304 1453 pecuniam
321 1402 531 1454 publicam,
561 1403 634 1441 hoc
658 1416 818 1442 munere
843 1403 1060 1442 societatem
1081 1405 1227 1445 facino-

99 1468 190 1495 rum
208 1469 299 1495 cum
323 1457 531 1496 Dolabella
558 1457 740 1506 inierunt,
770 1458 910 1496 faciam
938 1471 1004 1497 vos
1037 1460 1225 1500 certiores.

99 1509 164 1549 De
195 1511 350 1563 quibus,
386 1511 417 1550 si
445 1511 552 1550 vobis
576 1512 781 1561 videbitur,
811 1512 858 1560 si,
892 1519 937 1550 ut
963 1513 1091 1552 meriti
1120 1522 1225 1564 sunt,

99 1565 265 1616 graviter
283 1566 566 1614 constitueritis,
590 1579 736 1618 nosque
754 1567 879 1606 vestra
907 1567 1131 1607 auctoritate
1160 1570 1226 1608 fir-

98 1620 318 1666 maveritis,
307 1634 317 1644 ·
348 1620 496 1666 facilius
528 1628 567 1659 et
591 1621 740 1673 reliqua
768 1621 920 1673 exigere
941 1622 1156 1673 vectigalia,
1188 1631 1226 1663 et

99 1681 234 1712 exacta
251 1688 413 1722 servare,
431 1674 654 1737 poterimus.
703 1675 869 1723 Interea,
890 1689 980 1743 quo
985 1678 1225 1717 commodius

97 1727 299 1780 vectigalia
316 1728 428 1777 tueri,
448 1729 760 1781 provinciamque
778 1730 855 1769 ab
845 1730 988 1780 mjuria
1006 1731 1222 1782 defendere,

97 1782 256 1844 possim,
269 1783 489 1836 praesidium
505 1784 759 1823 necessarium
771 1784 1108 1838 voluntariumque
1119 1799 1224 1825 com-

96 1837 242 1888 paravi.

153 1891 231 1930 His
259 1892 378 1932 literis
408 1892 569 1945 scriptis,
602 1893 743 1932 milites
771 1893 917 1932 circiter
948 1893 1090 1942 XXX,
1126 1908 1223 1946 quos

96 1944 305 1986 Dolabella
323 1960 372 1985 ex
389 1948 490 1986 Asia
507 1947 789 1999 conscripserat,
811 1961 832 1986 e
850 1947 963 1999 Syria
981 1948 1194 2000 fugientes
1182 1962 1223 1987 111

97 2000 376 2054 Pamphyliam
403 2009 600 2041 venerunt.
631 2002 689 2040 Hi
717 2002 1005 2050 nuntiaverunt,
1037 2002 1224 2042 Dolabel-

95 2054 177 2093 lam
195 2055 468 2105 Antiocheam,
489 2070 576 2108 quae
593 2057 634 2094 in
649 2056 761 2108 Syria
775 2064 843 2105 est,
865 2056 1011 2095 venisse
1027 2070 1039 2103 3
1069 2069 1147 2095 non
1161 2071 1222 2096 re-

95 2115 266 2161 ceptum,
295 2117 476 2149 conatum
494 2124 574 2150 esse
592 2111 793 2163 aliquoties
817 2111 856 2150 vi
875 2111 1060 2157 introire3
1089 2113 1220 2163 repul-

94 2175 184 2202 sum
201 2177 357 2217 semper.
370 2178 449 2204 esse
476 2179 565 2204 cum
594 2178 737 2217 magno
767 2178 837 2204 suo
864 2165 1116 2205 detrimento:
1146 2165 1218 2204 ita-

92 2231 183 2269 que,
217 2226 371 2260 centum
401 2219 546 2260 circiter
560 2260 563 2262 ,
575 2220 737 2269 311113313,
770 2220 879 2272 aegris
909 2220 1062 2269 relictis,
1097 2227 1213 2259 noctu
