1501 2407
213 48 290 121 ma
401 79 485 119 AD
507 78 812 120 DIVERSOS.
843 78 1171 129 1an.V11.17.7

207 189 297 241 Ego
315 188 349 228 si
371 189 462 228 foris
489 189 723 237 coetiitarem,
754 188 827 228 Cn.
849 187 1029 238 Octavio,
1047 187 1231 227 familiari
1250 194 1350 238 tuo,

207 256 286 282 non
306 243 538 282 defuissem:
569 243 633 282 cui
651 252 780 282 tamen
800 243 897 291 dixi,
926 256 1016 282 cum
1043 255 1108 281 me
1135 241 1339 294 aliquoties

210 298 413 337 invitaret:
446 301 475 320 ‘⁴
497 298 580 337 Oro
598 305 650 345 te,
664 298 751 349 quis
767 306 809 336 tu
822 311 861 336 es
877 299 924 337 ?''
954 297 1031 336 Sed
1050 296 1337 346 (mehercules),

210 360 320 391 extra
344 354 492 402 jocum,
524 352 642 392 homo
671 353 796 391 bellus
824 359 906 391 est:
937 351 1076 390 vellem
1095 364 1186 390 eum
1210 358 1339 390 tecum

213 407 452 446 abduxisses.

266 461 376 509 Quid
395 461 533 513 agatis,
553 468 591 500 et
609 461 747 513 ecquid
765 460 805 498 in
826 460 982 500 Italiam
1003 459 1155 500 venturi
1167 459 1248 499 sitis
1265 460 1340 499 hac

210 516 353 563 hieme,
369 515 429 554 fac
447 516 562 567 plane
581 516 712 554 sciam.
743 516 893 554 Balbus
911 515 1010 554 mihi
1027 514 1282 562 confirmavit,
1302 522 1343 554 te

211 570 372 609 divitem
401 570 591 608 futurum.
633 570 682 608 Id
709 577 844 608 utrum
863 571 1046 608 Romano
1063 582 1171 608 more
1188 569 1342 608 locutus

211 625 274 672 sit,
287 626 386 662 bene
404 632 652 663 nummatum
673 632 711 662 te
729 624 922 671 futurum,
936 636 1000 672 an,
1017 623 1211 675 quomodo
1222 623 1343 662 Stoici

211 678 361 725 dicunt,
393 681 421 701 “
451 691 584 717 omnes
604 692 683 716 esse
702 678 853 726 divites,
875 678 945 729 qui
963 678 1056 717 coelo
1081 685 1119 717 et
1145 677 1247 716 terra
1263 677 1343 716 frui

211 733 401 785 possint,’'
427 741 559 784 postea
587 732 728 771 videro.
773 732 856 780 Qui
873 732 986 771 istinc
1014 732 1188 780 veniunt,
1209 745 1344 783 super-

213 788 320 826 biam
340 794 449 825 tuam
469 795 663 834 accusant,
684 786 790 838 quod
808 795 950 838 negent
966 793 1009 825 te
1026 786 1342 838 percontantibus

211 841 454 892 respondere.
497 841 574 881 Sed
599 848 729 879 tamen
754 848 810 880 est
839 841 945 893 quod
973 841 1140 892 gaudaes
1153 855 1165 878 ε
1195 847 1344 879 constat

211 896 315 934 enim
330 895 428 934 inter
447 908 594 943 omnes,
615 895 811 934 neminem
829 903 867 934 te
886 907 964 935 uno
984 894 1262 935 Samarobrivae
1276 895 1344 945 ju-

213 951 264 988 ris
282 950 502 1002 peritiorem
522 963 615 989 esse.
646 949 763 989 Vale.

346 1115 466 1168 (17.)
495 1116 709 1157 CICERO
738 1115 1043 1156 TREBATIO
1072 1115 1114 1156 S.
1146 1115 1204 1156 D.

267 1225 596 1277 (Argumentum.
612 1249 666 1258 —
684 1227 803 1267 Urbis
828 1227 1060 1266 desiderium
1089 1226 1195 1279 quod
1219 1225 1339 1279 depo-

212 1281 344 1324 suerit,
378 1282 619 1332 gratulatur;
651 1289 702 1330 et,
730 1291 775 1321 ut
794 1282 954 1321 casaris
982 1282 1191 1320 amicitiam
1220 1281 1338 1321 faciat

208 1334 345 1385 pluris,
363 1344 519 1383 monet3
551 1350 671 1389 quam
689 1336 926 1376 fructuosam
943 1336 1025 1375 fore
1041 1336 1283 1388 pollicetur.)

263 1443 329 1482 Ex
349 1444 425 1483 tuis
443 1444 576 1493 literis,
598 1452 635 1484 et
654 1445 805 1494 Quinto
831 1444 941 1484 fratri
967 1444 1109 1497 gratias
1137 1444 1213 1496 egi,
1242 1451 1280 1484 et
1298 1453 1338 1484 te

205 1498 415 1550 aliquando
434 1499 650 1539 collaudare
668 1513 841 1552 possum,
855 1500 960 1552 quod
974 1501 1058 1550 jam
1078 1500 1216 1539 videris
1234 1500 1339 1539 certa

207 1553 336 1604 aliqu&
358 1553 399 1591 in
419 1555 607 1592 sententia
620 1555 843 1594 constitisse.
877 1556 984 1593 Nam
997 1554 1214 1606 primorum
1223 1567 1334 1592 men-

206 1606 310 1645 sium
341 1607 460 1646 literis
496 1609 572 1647 tuis
609 1609 854 1648 vehementer
891 1608 1158 1648 commovebar
1174 1622 1186 1654 3
1227 1608 1332 1660 quod

205 1661 304 1699 mihi
322 1661 518 1701 interdum
538 1663 651 1714 (pace
665 1664 734 1702 tua
752 1662 936 1713 dixerim)
957 1663 1050 1702 levis
1068 1663 1108 1701 in
1128 1663 1248 1702 Urbis
1266 1676 1334 1702 ur-

203 1715 461 1768 banitatisque
480 1717 679 1765 desiderio,
706 1718 902 1757 interdum
920 1718 1044 1770 piger,
1070 1717 1266 1756 interdum
1284 1717 1334 1756 ti-

202 1769 333 1808 midus
351 1770 392 1808 in
411 1772 541 1810 labore
559 1773 730 1820 militari,
752 1785 852 1825 saepe
870 1781 1001 1812 autem
1030 1771 1146 1810 etiam
1166 1772 1292 1825 (quod
1308 1785 1334 1811 a

203 1831 242 1862 te
257 1824 537 1864 alienissimum
557 1825 629 1876 est)
653 1826 944 1879 subimpudens,
966 1827 1157 1866 videbare.
1205 1826 1330 1865 Tam-

203 1891 324 1930 quam
344 1880 448 1918 enim
468 1881 728 1933 syngrapham
741 1882 790 1920 ad
800 1882 1084 1934 imperatorem,
1097 1893 1176 1920 non
1192 1881 1333 1933 episto·-

201 1932 298 1980 lam,
319 1935 537 1981 attulisses;
568 1935 635 1983 sic,
655 1936 822 1988 pecunia
847 1936 991 1986 ablata,
1022 1936 1187 1975 domum
1210 1935 1334 1975 redire

201 1990 457 2040 properabas:
488 2002 559 2028 nec
577 1991 648 2029 tibi
666 1990 708 2029 in
725 1998 899 2030 mentem
917 1991 1106 2038 veniebat,
1131 2003 1193 2029 eos
1211 1990 1330 2042 ipsoe,

202 2041 272 2093 qui
300 2055 391 2081 cum
429 2044 659 2096 syngraphis
677 2046 870 2085 venissent
894 2045 1192 2094 Alexandriam,
1212 2057 1329 2084 num-

200 2108 314 2134 mum
333 2098 460 2137 adhuc
473 2099 629 2138 nullum
649 2100 799 2139 auferre
817 2101 1000 2153 potuisse.

253 2150 357 2202 Ego,
384 2152 416 2192 si
438 2152 517 2192 mei
541 2155 735 2193 commodi
757 2156 944 2194 rationem
966 2155 1162 2202 ducerem,
1187 2161 1226 2194 te
1248 2167 1331 2194 me-

199 2217 290 2244 cum
310 2218 390 2247 esse
409 2207 581 2248 maxime
601 2209 752 2248 vellem.
794 2210 886 2250 Non
913 2208 1018 2250 enim
1042 2209 1226 2249 mediocri
1244 2208 1326 2248 affi-
