1501 2407
193 92 273 129 200
375 88 459 127 AD
487 87 788 128 DIVERSOS.
820 87 920 126 LIB.
949 87 1051 126 VII.
1084 88 1146 127 18.

250 197 399 249 Accepi
429 211 452 236 a
479 205 517 236 te
546 197 694 249 aliquot
719 196 896 248 epistolas
914 207 994 234 uno
1018 202 1206 249 tempore,
1225 210 1322 250 quas

196 260 242 292 tu
267 252 426 291 diversis
448 252 685 304 tempe-ribus
708 251 889 290 dederas·
929 251 971 288 111
997 251 1138 303 quibus
1163 264 1227 290 me
1252 265 1325 290 cae-

199 315 280 346 tera
298 307 455 345 delecti—1
446 314 546 344 unt.
582 305 858 358 significabant
884 305 1002 353 enim,
1022 312 1060 344 te
1082 306 1197 344 istam
1221 306 1327 344 mili-

199 362 295 400 tiam
313 363 396 411 jam
415 361 527 399 firmo
550 361 680 399 animo
698 360 810 407 ferre,
831 367 868 397 et
887 372 966 398 esse
985 360 1124 398 fortem
1143 361 1271 399 virum
1291 367 1330 400 et

204 423 453 455 constantem.
491 415 593 463 Quae
616 428 686 466 ego
705 414 899 466 paulisper
916 414 957 452 in
977 421 1015 452 te
1032 414 1087 453 ita
1106 414 1331 464 desideravi,

203 483 283 508 non
302 470 563 508 imbecillitate
582 469 703 507 animi
727 469 799 517 tui,
825 468 892 507 sed
916 469 1055 520 magiS,
1075 476 1119 507 ut
1147 469 1333 509 desiderio

204 525 326 564 nostri
344 531 382 562 te
402 534 560 562 aestuare
579 532 768 575 putarem.
799 522 932 571 Quare
946 536 1076 575 perge,
1096 531 1140 562 ut
1159 524 1305 575 coepisti
1318 539 1331 563 ε

206 579 297 618 forti
335 578 465 617 animo
495 578 608 616 istam
646 578 766 616 tolera
795 577 989 615 militiam.
1045 578 1180 616 Multa
1218 578 1335 631 (mihi

208 631 336 682 crede)
370 630 584 684 assequere.
627 632 714 683 Ego
744 632 848 670 enim
873 633 1064 670 renovabo
1091 633 1338 672 commenda-

205 688 366 735 tionem,
401 687 467 725 sed
495 694 678 738 tempore.
724 686 786 725 Sic
815 686 968 735 habeto,
998 699 1075 724 non
1106 687 1177 725 tibi
1198 686 1339 738 majori

208 755 288 780 esse
308 755 423 789 curae,
444 749 489 779 ut
506 741 577 779 iste
592 749 683 779 tuus
703 753 726 778 a
743 753 807 778 me
826 740 1010 779 discessus
1029 753 1148 792 quam
1165 741 1340 781 fructuo-

209 796 383 834 sissimus
405 795 476 834 tibi
503 795 565 843 sit,
590 808 710 847 quam
735 794 845 832 mihi.
884 795 1039 846 Itaque,
1069 795 1225 847 quando
1255 809 1339 836 ves-

209 858 280 888 trae
299 850 492 889 cautiones
511 849 676 888 infirmae
695 858 798 897 sunt,
821 849 1041 887 Graeculam
1056 850 1128 888 tibi
1141 850 1231 889 misi
1248 864 1339 889 cau-

210 904 356 943 tionem
386 904 631 955 chirographi
659 903 748 942 mei.
798 904 865 942 Tu
890 916 953 941 me
979 904 1101 942 velim
1115 904 1169 943 de
1193 905 1340 947 ratione

214 959 356 997 Gallici
373 959 467 997 belli
485 959 682 997 certiorem
707 958 823 996 facias
839 972 850 995 z
883 971 953 1009 ego
973 958 1076 996 enim
1095 959 1342 1010 ignavissimo

217 1013 357 1065 cuique
375 1013 591 1051 maximam
610 1012 728 1051 fidem
746 1012 882 1051 habeo.

269 1068 359 1112 Sed,
387 1075 431 1106 ut
454 1067 504 1106 ad
535 1067 712 1129 epistolas
741 1074 828 1105 tuas
853 1067 1022 1116 redeam,
1054 1074 1189 1107 caetera
1211 1069 1341 1108 belle:

214 1122 314 1161 illud
333 1122 476 1160 miror:
508 1123 595 1174 quis
618 1123 714 1160 solet
733 1121 867 1160 eodem
887 1122 1066 1174 exemplo
1083 1122 1213 1174 plures
1238 1123 1344 1174 dare,

216 1176 286 1229 qui
310 1190 380 1215 sua
398 1189 519 1214 manu
545 1176 697 1215 scribit.
688 1178 705 1204 9
736 1176 860 1225 Nam,
887 1177 993 1229 quod
1016 1177 1057 1214 in
1081 1177 1345 1230 palimpsesto,

217 1231 335 1269 laudo
369 1231 548 1283 equidem
578 1231 884 1282 parcimoniam:
927 1231 993 1269 sed
1021 1231 1154 1280 miror,
1184 1232 1280 1284 quid
1303 1233 1346 1271 in

218 1286 288 1324 illa
320 1285 496 1324 chartula
528 1285 658 1332 fuerit,
691 1285 795 1337 quod
827 1285 953 1324 delere
979 1285 1175 1334 malueris,
1205 1285 1346 1339 [quam

219 1340 302 1378 haec
331 1340 529 1392 scribera]
555 1339 629 1377 nisi
651 1339 748 1378 forte
772 1346 860 1377 tuas
884 1339 1083 1378 fomiulas.
1125 1341 1219 1380 Non
1242 1342 1347 1380 enim

220 1402 318 1446 puto
338 1402 375 1432 te
403 1406 508 1432 meas
534 1394 712 1445 epistolas
735 1393 874 1441 delere,
894 1401 939 1432 ut
961 1407 1122 1446 reponas
1142 1402 1240 1434 tuas.
1278 1396 1349 1434 An

219 1449 294 1487 hoc
324 1447 528 1500 significas,
556 1448 654 1486 nihil
686 1448 792 1487 fieri.
783 1451 800 1476 9
839 1448 977 1500 frigere
1004 1456 1069 1487 te.
1059 1451 1077 1477 9
1106 1462 1156 1488 ne
1177 1449 1351 1489 chartam

223 1502 383 1555 quidem
414 1503 486 1541 tibi
516 1503 782 1555 suppeditare.
773 1505 790 1531 9
828 1503 858 1541 J
861 1516 924 1541 am
947 1503 1020 1542 ista
1045 1512 1112 1542 tua
1139 1505 1255 1557 culpa
1278 1512 1349 1555 est,

223 1557 293 1609 qui
311 1557 581 1595 verecundiam
603 1565 731 1596 tecum
758 1557 954 1606 extuleris,
982 1564 1019 1596 et
1043 1570 1121 1597 non
1139 1559 1205 1598 hic
1222 1559 1352 1599 nobis-

223 1625 315 1651 cum
332 1611 544 1663 reliqueris.

277 1667 366 1718 Ego
395 1673 433 1704 te
462 1666 604 1714 Balbo,
636 1679 727 1705 cum
756 1665 806 1704 ad
835 1679 903 1706 vos
936 1666 1208 1718 proficiscetur,
1241 1681 1349 1708 more

223 1721 405 1759 Romano
434 1720 725 1759 commendabo.
759 1721 841 1769 'lu,
872 1721 903 1759 si
925 1721 1174 1761 intervallum
1199 1723 1353 1796 longius

221 1775 295 1814 erit
323 1787 500 1813 mearum
538 1775 752 1823 literarum,
790 1788 839 1814 ne
872 1776 923 1815 sis
964 1776 1202 1816 admiratus.
1223 1782 1353 1839 eram

224 1829 329 1868 enim
348 1829 553 1868 abfuturus
569 1842 701 1868 mense
719 1829 865 1882 Aprili.

281 1884 367 1922 Has
397 1883 526 1922 literas
555 1884 688 1935 scripsi
716 1884 757 1922 in
791 1884 987 1934 Pomtino,
1018 1898 1109 1924 cum
1137 1885 1188 1925 ad
1216 1886 1351 1926 villam

225 1937 392 1977 Μαι-1111
411 1938 649 1977 Philemonis
664 1938 926 1978 divertissem.
958 1952 1008 1978 ex
1026 1940 1105 1992 qua
1118 1941 1203 1990 jam
1222 1941 1355 1980 audie-

225 2005 310 2031 ram
336 1992 537 2030 fremitum
560 1993 758 2032 clientium
781 2006 972 2042 meorum,
1003 2007 1101 2046 quos
1123 1995 1283 2047 quidem
1307 2003 1352 2034 tu

225 2046 325 2085 mihi
344 2047 565 2086 conciliasti.
604 2047 713 2086 Nam
742 2048 919 2097 Ulubris,
945 2048 1100 2087 honoris
1124 2049 1202 2088 mei
1224 2050 1355 2100 causa,

226 2101 307 2139 vim
336 2101 552 2140 maximam
576 2103 880 2141 ranunculorum
903 2116 944 2142 se
969 2106 1182 2142 commosse
1207 2111 1359 2143 consta-

226 2157 306 2198 bat.
336 2155 442 2194 Cura
459 2163 504 2194 ut
517 2156 655 2195 valeas.
684 2156 724 2195 V
728 2155 749 2194 I
768 2156 864 2196 Idus
882 2157 1012 2210 April.
1028 2157 1076 2197 de
1096 2158 1292 2198 Pomtino.

282 2209 502 2262 Epistolam
537 2218 658 2260 tuam,
691 2224 811 2264 quam
841 2211 967 2265 accepi
1001 2213 1050 2252 ab
1077 2212 1126 2252 L.
1150 2212 1355 2261 Arruntio,
