1501 2407
263 149 342 187 156
463 148 546 187 AD
576 148 872 189 DIVERSOS.
902 149 1002 187 Lm.
1033 148 1107 187 VI.
1137 151 1175 187 5.

260 257 364 296 enim
394 256 541 306 dubito,
567 257 661 309 quin
693 269 844 309 magnae
873 257 944 296 tibi
967 257 1146 296 levationi
1170 256 1302 295 solitus
1328 257 1377 296 sit

260 324 339 350 esse
358 311 602 362 quotidianus
621 324 840 363 congressus
864 319 901 349 et
926 324 1063 359 sermo,
1094 324 1183 349 cum
1212 310 1378 349 familia-

259 365 399 404 rissimi
427 366 607 415 hominis,
641 373 722 403 tum
758 365 894 417 optimi
916 373 953 403 et
984 365 1268 417 prudentissimi
1293 364 1376 403 viri.

267 420 348 468 Tu,
368 420 498 467 velim,
519 427 571 468 te,
592 427 635 457 ut
653 419 766 457 debes
785 426 822 457 et
846 420 955 467 soles,
976 420 1044 457 tua
1068 419 1207 458 virtute
1231 426 1378 457 susten-

262 480 329 512 tes.
359 473 460 524 Ego,
480 487 566 525 quae
585 481 621 511 te
641 474 750 521 velle,
767 487 929 525 quaeque
943 473 992 511 ad
1010 481 1047 511 te
1066 480 1103 511 et
1121 473 1169 511 ad
1188 481 1273 511 tuos
1290 486 1377 524 per-

260 528 381 566 tinere
399 528 621 575 arbitrabor,
642 527 771 565 omnia
790 528 953 565 studiose
975 527 1250 579 diligenterque
1269 539 1378 565 cura-

261 583 334 619 bo:
366 595 453 632 quae
472 594 560 620 cum
578 582 730 629 faciam,
752 581 1054 619 benevolentiam
1078 589 1188 620 tuam
1208 593 1297 633 erga
1314 592 1378 619 me

259 635 465 682 imitabor;
494 636 630 674 merita
647 647 723 673 non
743 648 930 686 assequar.
960 635 1000 674 V
1002 635 1073 673 ale.

418 797 506 851 (5.)
538 798 598 836 M.
617 796 666 835 T.
681 797 725 836 C.
756 797 809 835 A.
841 797 1083 836 CAECINAE
1114 798 1153 837 S.
1169 797 1222 835 D.

317 907 640 957 (Argumentum.
654 906 770 944 —A.
792 906 956 954 Caecina,
977 906 1154 957 Pompeii
1181 913 1305 957 partes
1331 906 1374 945 in

262 962 363 999 bello
378 969 540 1008 secutus,
557 961 671 999 etiam
691 961 828 1012 scripto
841 961 939 998 libro
954 960 1143 999 Caesarem
1157 961 1376 999 offenderat.

265 1014 330 1054 Ob
350 1015 390 1053 id
407 1015 532 1066 patria
559 1023 749 1053 carentem
768 1015 910 1053 solatur
930 1014 1075 1063 Cicero,
1106 1021 1143 1052 et
1170 1016 1266 1053 bene
1294 1027 1379 1066 spe-

263 1083 346 1107 rare
364 1069 411 1107 de
430 1082 468 1107 se
487 1077 524 1107 et
542 1069 703 1106 fortunis
723 1069 801 1106 suis
811 1070 932 1118 jubet.
963 1068 1109 1120 Scripta
1121 1068 1270 1107 videtur
1280 1068 1380 1107 inter

260 1123 492 1162 Africanum
511 1130 548 1161 et
567 1122 821 1174 Hispaniense
839 1123 984 1161 bellum
1002 1122 1128 1161 medio
1147 1121 1350 1174 tempore.)

315 1230 644 1283 Quotiescumque
668 1231 792 1269 filium
820 1238 932 1269 tuum
950 1231 1072 1278 video,
1103 1230 1229 1274 (video
1246 1238 1377 1269 autem

261 1285 339 1323 fere
358 1285 544 1336 quotidie)
563 1285 742 1336 polliceor
767 1285 801 1322 ei
825 1285 994 1322 studium
1014 1284 1169 1336 quidem
1187 1297 1319 1323 meum
1340 1291 1378 1323 et

261 1351 430 1390 operam,
452 1339 531 1377 sine
560 1339 640 1376 ulla
659 1338 878 1390 exceptione
902 1345 969 1376 aut
996 1339 1150 1386 laboris,
1181 1346 1249 1377 aut
1267 1351 1378 1377 occu-

261 1392 439 1444 pationis,
459 1400 526 1431 aut
543 1393 723 1445 temporis
740 1406 752 1439 ς
782 1393 944 1443 gratiam
963 1400 1091 1430 autem
1115 1399 1229 1444 atque
1247 1400 1377 1431 aucto-

262 1446 428 1493 ritatem,
444 1459 533 1485 cum
544 1447 615 1485 hac
629 1447 860 1498 exceptione,
877 1453 1066 1498 quantum
1078 1447 1240 1490 valeam,
1254 1459 1377 1499 quan-

263 1507 424 1551 tumque
442 1501 597 1552 possim.
640 1501 757 1539 Liber
774 1507 863 1538 tuus
883 1507 919 1538 et
940 1499 1060 1538 lectus
1078 1507 1146 1548 est,
1167 1507 1204 1539 et
1220 1500 1376 1551 legitur,

265 1568 288 1592 a
305 1567 369 1592 me
416 1554 424 1561 ‘
446 1555 600 1600 'oenter,
621 1561 658 1593 et
676 1554 884 1592 custoditur
902 1553 1202 1604 diligentissime.
1241 1555 1320 1593 Res
1339 1562 1377 1593 et

261 1608 425 1646 fortunae
442 1616 519 1646 tuae
537 1609 633 1646 mihi
652 1608 832 1646 maximae
857 1621 957 1646 curae
975 1615 1077 1656 sunt,
1108 1622 1195 1660 quae
1220 1607 1377 1660 quidem

264 1661 433 1714 quotidie
451 1662 634 1700 faciliores
651 1662 748 1700 mihi
767 1670 804 1701 et
821 1662 993 1700 meliores
1007 1662 1205 1700 videntur:
1226 1662 1379 1700 multis-

265 1729 341 1767 que
359 1715 467 1754 video
496 1729 647 1767 magnae
672 1729 750 1754 esse
777 1729 902 1761 curae3
932 1729 1096 1767 quorum
1115 1716 1162 1755 de
1180 1716 1320 1765 studio,
1340 1722 1378 1754 et

266 1770 314 1808 de
332 1771 402 1808 sua
420 1783 499 1821 spe,
519 1770 645 1808 filium
664 1770 713 1807 ad
730 1777 768 1808 te
784 1769 1052 1821 perscripsisse,
1073 1777 1173 1808 certo
1191 1770 1278 1808 scio.

320 1824 396 1862 His
415 1833 544 1862 autem
558 1824 605 1862 de
623 1825 749 1872 rebus,
763 1837 856 1875 quas
871 1824 1086 1873 conjectura
1098 1823 1276 1875 consequi
1290 1836 1377 1875 pos-

265 1891 413 1925 sumus,
443 1890 521 1916 non
552 1878 649 1916 mihi
678 1891 803 1926 sumo,
833 1887 878 1915 ut
905 1878 992 1929 plus
1022 1877 1104 1928 ipse
1131 1878 1373 1929 prospiciam,

264 1944 383 1983 quam
402 1938 439 1969 te
457 1932 584 1970 videre
601 1939 717 1983 atque
738 1931 948 1983 intelligere
974 1931 1071 1969 mihi
1099 1931 1373 1983 persuaserim:

263 1985 330 2024 sed
347 1993 490 2034 tamen,
511 1986 602 2037 quia
619 1985 701 2023 fieri
727 1993 862 2037 potest,
886 1992 930 2023 ut
958 1993 1002 2023 tu
1032 1998 1076 2023 ea
1103 1985 1377 2037 perturbatiore

265 2039 393 2077 animo
412 2039 564 2090 cogites,
584 2049 678 2091 puto
697 2053 775 2078 esse
792 2052 937 2088 meum,
958 2038 1052 2090 quid
1070 2039 1244 2087 sentiam,
1257 2051 1375 2090 expo-

263 2105 364 2132 nere.
406 2092 468 2131 Ea
486 2101 623 2131 natura
640 2106 768 2132 rerum
793 2100 860 2142 est,
888 2101 926 2131 et
941 2093 974 2131 is
991 2100 1208 2145 temporum
1226 2105 1371 2140 cursus,

255 2154 310 2199 ‘ut
333 2158 410 2185 non
438 2147 556 2199 possit
573 2147 658 2196 ista,
681 2155 748 2186 aut
765 2147 836 2185 tibi
859 2154 926 2186 aut
944 2146 1099 2195 caeteris,
1124 2146 1277 2185 fortuna
1295 2158 1374 2184 esse

264 2200 446 2240 diuturna
459 2215 470 2247 3
492 2213 616 2253 neque
628 2201 769 2242 haerere
779 2201 819 2241 in
831 2208 910 2241 tam
929 2200 1032 2241 bona
1043 2200 1170 2250 causa,
1186 2200 1276 2239 etin
1290 2207 1371 2238 tam
