1481 2422
161 102 243 139 260
354 99 438 138 AD
469 96 768 137 DIVERSOS.
800 97 900 135 LIB.
932 97 1009 136 IX.
1044 98 1105 137 14.

156 221 247 247 nem
267 209 465 248 consulem
482 208 616 246 florere
633 205 830 255 laudibus,
855 206 965 258 quasi
983 207 1189 246 alumnum
1207 206 1286 246 dis-

160 263 313 314 ciplinae
326 276 435 301 meae.

212 318 261 355 L.
281 317 440 369 quidem
460 317 602 365 Caesar,
623 328 713 354 cum
739 314 789 352 ad
808 327 898 352 eum
919 321 1106 366 aegrotum
1126 315 1284 367 Neapo-

154 370 226 409 lim
246 372 448 419 venissem,
470 382 711 423 quamquam
735 375 814 407 erat
841 381 1043 420 oppressus
1067 369 1183 407 totius
1201 382 1284 408 cor-

153 425 258 476 poris
277 426 487 473 doloribus,
508 432 640 463 tamen
659 432 761 471 ante,
782 435 900 474 quam
919 435 982 460 me
1006 422 1121 474 plane
1139 424 1284 462 saluta-

155 479 224 528 vit,
256 482 284 502 “
305 480 344 519 Ο
364 480 419 518 mi
441 480 574 518 Cicero
590 479 631 516 !'‘
660 477 787 529 inquit
804 491 816 522 ;
849 480 876 499 “
896 477 1067 528 gratulor
1085 477 1170 525 tibi,
1191 490 1282 516 cum

156 541 308 572 tantum
324 535 427 572 vales
443 533 549 586 apud
563 532 824 578 Dolabellam,
839 538 1029 582 quantum
1050 531 1081 569 si
1095 544 1165 582 ego
1177 531 1282 582 apud

154 589 292 627 sororis
312 588 438 626 filium
458 588 637 633 valerem,
652 587 733 635 jam
755 585 850 623 salvi
861 597 940 623 esse
957 598 1168 635 possemus.
1198 585 1283 624 Do-

153 641 305 681 labellae
334 656 423 681 vero
443 651 510 680 tuo
530 648 567 680 et
586 640 771 691 gratulor,
804 646 841 676 et
870 638 1011 689 gratias
1035 651 1132 690 ago:
1162 652 1281 691 quem

155 696 328 747 quidem,
360 704 446 748 post
476 703 514 734 te
547 695 759 741 consulem,
794 693 919 731 solum
956 705 1159 744 possumus
1195 707 1283 733 vere

155 751 352 789 consulem
378 749 543 789 dicere-'³
584 747 738 787 Deinde
766 747 892 784 multa
920 746 968 784 de
990 746 1090 785 facto
1108 760 1153 786 ac
1177 747 1225 786 de
1243 761 1284 786 re

153 805 286 855 gesta:
328 812 415 843 tum
447 803 546 843 nihil
576 801 897 854 magnificentius,
929 800 1026 838 nihil
1063 801 1282 853 praeclarius

154 866 284 897 actum
302 871 494 911 unquam,
524 857 621 896 nihil
651 855 872 908 reipublicae
891 855 1104 894 salutarius.
1145 858 1282 908 Atque

153 912 236 951 haec
255 926 335 951 una
353 926 428 951 vox
455 912 632 951 omnium
659 918 727 950 est,
755 913 797 948 A
817 917 855 948 te
880 916 1010 947 autem
1030 917 1134 961 peto,
1154 917 1200 948 ut
1217 923 1282 949 me

153 966 253 1005 hanc
283 968 394 1019 quasi
422 967 561 1005 falsam
587 965 850 1004 haereditatem
874 963 1009 1002 alienae
1027 964 1159 1015 gloriae
1178 964 1279 1003 sinas

151 1033 315 1069 cernere,
335 1034 476 1073 meque
495 1020 626 1072 aliqua
640 1033 689 1059 ex
702 1026 810 1071 parte
827 1018 868 1056 in
887 1017 1104 1056 societatem
1124 1026 1280 1057 tuarum

149 1075 313 1114 laudum
332 1076 460 1114 venire
477 1075 633 1127 patiare.
675 1073 945 1124 Quamquam,
971 1072 1028 1110 mi
1056 1072 1276 1122 Dolabella,

152 1130 253 1181 (haec
283 1130 387 1168 enim
417 1131 565 1179 jocatus
591 1127 696 1178 sum)
727 1127 909 1165 libentius
941 1139 1074 1165 omnes
1105 1139 1224 1173 meas,
1245 1127 1277 1165 si

149 1184 266 1223 modo
284 1192 377 1224 sunt
395 1184 536 1236 aliquae
553 1196 666 1231 meae,
685 1181 819 1221 laudes
851 1181 901 1219 ad
928 1188 967 1218 te
988 1180 1275 1230 transfuderim,

151 1251 271 1289 quam
297 1238 468 1290 aliquam
495 1246 644 1290 partem
665 1235 908 1276 exhauserim
938 1248 986 1273 ex
1013 1235 1102 1274 tuis.
1150 1235 1272 1283 Nam,

149 1305 240 1331 cum
254 1300 292 1331 te
311 1306 461 1344 semper
483 1300 636 1330 tantum
655 1290 870 1337 dilexerim,
891 1296 1082 1342 quantum
1102 1297 1145 1327 tu
1163 1289 1277 1328 intel-

150 1347 268 1398 ligere
289 1347 473 1399 potuisti;
503 1354 589 1384 tum
608 1346 669 1384 his
688 1345 765 1383 tuis
783 1343 892 1382 factis
911 1343 963 1382 sic
981 1343 1156 1382 incensus
1171 1357 1273 1392 sum,

149 1409 194 1439 ut
205 1401 302 1439 nihil
317 1414 491 1453 unquam
510 1401 551 1438 in
570 1413 699 1438 amore
716 1398 832 1437 fuerit
849 1397 1056 1436 ardentius.
1087 1397 1200 1435 Nihil
1219 1406 1275 1437 est

147 1455 266 1503 enim,
282 1455 381 1493 mihi
400 1455 523 1505 crede,
543 1455 683 1493 virtute
702 1451 918 1501 formosius,
937 1451 1036 1490 nihil
1060 1451 1274 1503 pulchrius,

148 1509 247 1547 nihil
265 1509 483 1548 amabilius.

204 1564 364 1615 Semper
382 1563 523 1611 amavi,
552 1570 598 1602 ut
616 1563 701 1610 seis,
722 1561 785 1600 M.
811 1562 999 1609 Brutum,
1018 1567 1173 1613 propter
1190 1561 1274 1610 ejus

149 1630 351 1656 summum
375 1617 591 1669 ingenium,
620 1616 863 1656 suavissimos
879 1628 1019 1662 moras,
1039 1615 1274 1666 singularem

147 1672 378 1723 probitatem
397 1680 512 1723 atque
537 1671 803 1710 constantiam.
832 1670 987 1709 Tamen
1007 1668 1142 1708 Idibus
1162 1669 1274 1707 Mar-2

145 1726 209 1764 tiis
227 1733 379 1764 tantum
409 1726 564 1764 accessit
582 1725 631 1764 ad
649 1737 834 1772 amorem,
866 1731 912 1762 ut
939 1723 1114 1771 mirarer,
1142 1723 1272 1761 locum

146 1780 263 1818 fuisse
281 1779 446 1831 augendi
465 1780 506 1817 in
525 1793 583 1828 eo,
604 1779 709 1831 quod
726 1778 825 1816 mihi
843 1777 1076 1830 jampridem
1095 1777 1272 1816 cumula-

145 1842 232 1871 tum
247 1834 363 1872 etiam
375 1834 586 1872 videbatur.
614 1833 714 1882 Quis
728 1840 821 1881 erat,
838 1832 906 1884 qui
923 1839 1090 1884 putaret,
1110 1831 1160 1869 ad
1181 1844 1272 1869 eum

146 1901 332 1936 amorem,
354 1901 471 1940 quem
491 1901 581 1940 erga
598 1895 636 1926 te
654 1888 860 1934 habebam,
879 1899 989 1938 posse
1003 1885 1150 1937 aliquid
1168 1898 1272 1924 acce-

146 1941 266 1981 dere?
296 1950 449 1980 tantum
468 1942 635 1990 accessit,
654 1950 700 1980 ut
716 1941 815 1979 mihi
833 1953 936 1978 nunc
960 1940 1126 1991 denique
1144 1953 1273 1978 amare

146 1996 291 2044 videar,
311 2005 423 2035 antea
441 1997 628 2035 dilexisse.
658 1995 791 2044 Quare
818 1995 914 2047 quid
932 2002 1002 2041 est,
1023 1993 1127 2046 quod
1145 2007 1216 2045 ego
1234 2001 1273 2032 te

145 2050 290 2100 horter,
309 2058 355 2088 ut
372 2051 550 2102 dignitati
565 2058 603 2089 et
620 2050 751 2102 gloriae
762 2049 903 2088 servias
919 2051 938 2087 Ρ
967 2049 1188 2100 Proponam
1200 2048 1272 2086 tibi

147 2105 269 2143 claros
293 2104 409 2152 viros,
430 2105 535 2158 quod
553 2104 675 2143 facere
699 2104 834 2151 solent,
855 2103 924 2155 qui
941 2102 1144 2141 hortantur
1156 2104 1175 2142 ?
1204 2114 1273 2140 ne-

147 2158 294 2197 minem
311 2159 436 2198 habeo
467 2159 681 2209 clariorem,
701 2171 821 2210 quam
849 2165 887 2197 te
913 2157 1056 2208 ipsum.
1096 2156 1158 2195 Te
1185 2156 1277 2194 imi-

150 2219 242 2263 tere,
262 2220 412 2267 oportet
424 2228 436 2252 2
466 2220 595 2254 tecum
626 2213 708 2266 ipse
739 2219 870 2253 certas.
907 2213 972 2252 Ne
999 2211 1089 2251 licet
1118 2211 1277 2263 quidem
