1481 2422
337 434 406 481 M.
444 434 677 484 TULLII
722 434 1087 487 CICERONIS

413 573 994 626 EPISTULARUM

507 716 592 755 AD
622 717 913 756 DIVERSOS

565 833 722 873 mez
751 834 856 874 XII.

605 973 802 1007 -φ-

296 1114 312 1167 (
332 1112 387 1164 l.)
418 1112 480 1153 M.
498 1113 549 1153 T.
565 1115 612 1155 C.
643 1116 690 1156 C.
716 1113 920 1157 CASSIO
950 1114 990 1154 S.
1008 1115 1054 1154 P.
1068 1115 1122 1155 D.

194 1226 528 1279 (Argumentum.
548 1251 603 1258 —
623 1227 790 1268 Factum
814 1227 1046 1275 Dolabellae,
1073 1239 1152 1279 quo
1171 1240 1278 1266 aram

136 1279 300 1320 Caesaris
330 1282 481 1331 evertit,
515 1282 673 1322 laudat:
706 1284 859 1322 sublato
889 1295 992 1335 rege,
1024 1294 1190 1334 regnum
1214 1296 1279 1321 su-

134 1349 285 1389 peresse
303 1344 478 1389 questus,
501 1336 547 1376 C.
569 1338 750 1377 Cassium
769 1338 960 1384 hortatur,
981 1344 1041 1383 ut,
1062 1349 1153 1376 cum
1173 1337 1278 1376 Bru-

134 1398 189 1441 to,
210 1391 494 1444 rempublicam
513 1393 622 1431 omni
641 1392 930 1445 perturbatione
947 1390 1116 1441 liberet.)

190 1501 332 1541 Finem
351 1502 509 1541 nullum
527 1502 641 1553 facio,
676 1502 794 1556 (mihi
814 1500 943 1552 crede)
965 1501 1090 1549 Cassi,
1110 1501 1159 1540 de
1186 1509 1223 1541 te
1241 1511 1278 1541 et

131 1555 182 1596 de
200 1557 329 1596 Bruto
347 1565 492 1606 nostro,
507 1558 549 1597 id
567 1566 638 1605 δι,
651 1558 700 1597 de
720 1558 801 1597 tota
815 1571 856 1597 re
875 1556 1046 1610 publica,
1063 1557 1275 1609 cogitandi,

133 1611 248 1662 cujus
267 1612 396 1651 omnis
415 1626 502 1665 spae
521 1613 562 1651 in
581 1613 690 1652 vobis
710 1621 766 1652 est
784 1620 822 1651 et
840 1612 882 1651 in
902 1611 957 1650 D.
971 1612 1109 1651 Bruto.
1139 1611 1276 1660 Quam

134 1666 295 1719 quidem
310 1667 395 1717 jam
413 1667 539 1706 habeo
560 1667 644 1720 ipse
663 1668 879 1716 meliorem,
900 1680 942 1706 re
966 1665 1123 1719 publica
1141 1680 1165 1705 a
1190 1666 1275 1705 Do-

133 1719 276 1760 labella
293 1734 382 1760 meo
403 1722 696 1774 praeclarissime
725 1722 846 1774 gesta.
877 1721 1071 1760 Manabat
1096 1721 1201 1760 enim
1228 1721 1275 1759 il-

133 1775 205 1815 lud
223 1776 376 1815 malum
395 1778 607 1825 urbanum,
621 1785 658 1816 et
677 1778 733 1817 ita
748 1778 1067 1816 corroborabatur
1085 1776 1274 1828 quotidie,

134 1838 181 1869 ut
210 1843 282 1883 ego
311 1831 472 1884 quidem
502 1839 541 1871 et
570 1831 673 1871 Urbi
696 1840 734 1870 et
763 1831 842 1870 otio
863 1830 1079 1870 diffiderem
1111 1832 1273 1870 urbano.

240 1886 297 1925 ita
328 1899 593 1939 compressum
616 1894 687 1937 est,
717 1894 763 1925 ut
794 1885 894 1924 mihi
925 1885 1127 1924 videamur
1157 1897 1274 1924 omne

130 1941 219 1991 jam
238 1940 288 1979 ad
307 1948 463 1994 tempus
474 1943 524 1981 ab
538 1941 607 1981 ino
621 1941 814 1980 duntaxat
827 1940 1088 1980 sordidissimo
1105 1940 1278 1992 periculo

132 1995 209 2034 tuti
227 1995 363 2035 futuri.
1177 2032 1181 2036 .

189 2050 363 2103 Reliqua
393 2063 539 2104 magna
557 2057 662 2101 sunt,
687 2064 732 2090 ac
759 2050 912 2097 multa3
943 2049 1012 2089 sed
1035 2050 1161 2103 posita
1190 2063 1276 2089 om-

131 2104 200 2143 nia
216 2104 258 2143 in
277 2105 400 2147 vobis.
431 2106 691 2159 Quamquam
721 2105 896 2158 primum
915 2105 1089 2159 quidque
1107 2105 1276 2158 explice-

132 2172 236 2198 mus.
266 2160 390 2207 Nam,
411 2167 456 2199 ut
474 2160 602 2200 adhuc
620 2161 780 2214 quidem
799 2168 931 2200 aetum
949 2167 1021 2210 αἱ,
1042 2172 1120 2199 non
1139 2172 1273 2212 regno,

134 2213 203 2253 sed
233 2228 337 2268 rege,
367 2215 522 2256 liberati
555 2215 747 2257 videmur.
786 2215 995 2256 Interfecto
1027 2215 1132 2256 enim
1169 2227 1273 2266 rege,
