1501 2407
318 80 404 120 AD
432 78 732 120 DIVERSOS.
762 80 864 119 Lm.
887 81 988 120 VII.
1022 83 1084 121 18.
1192 83 1268 123 199

137 190 262 229 ciebat
286 189 347 228 vel
365 189 562 241 voluptate
581 201 629 229 ex
648 189 922 229 consuetudine
940 190 1086 240 nostra,
1107 192 1170 231 vel
1189 193 1267 231 uti-

137 244 244 283 litate
266 257 314 283 ex
340 244 496 282 consilio
521 252 638 295 atque
661 244 779 295 opera
804 245 884 282 tua.
927 245 1018 294 Sed,
1046 259 1136 284 cum
1161 254 1199 285 te
1219 261 1268 286 ex

133 296 389 337 'adolescentia
408 297 475 337 tua
492 298 534 336 in
559 298 770 337 amicitiam
790 306 826 337 et
844 299 962 337 fidem
982 312 1112 338 meam
1132 310 1268 340 contu-

133 352 253 400 lisses,
268 365 417 405 semper
436 360 473 391 te
492 365 570 391 non
589 353 705 391 modo
724 353 914 391 tuendum
934 354 1045 401 mihi,
1063 355 1130 392 sed
1149 356 1266 394 etiam

133 407 356 458 augendum
376 414 493 459 atque
515 407 748 455 ornandum,
775 408 922 459 putavi.
962 408 1116 460 Itaque,
1138 410 1267 461 quoad

133 461 314 513 opinatus
333 475 436 510 sum,
463 474 527 500 me
551 461 593 499 in
615 462 853 513 provinciam
877 461 1088 510 exiturum,
1111 477 1198 515 quae
1217 464 1267 502 ad

131 521 171 554 te
188 516 291 554 ultro
309 516 520 563 attulerim,
548 516 769 555 meminisse
788 525 826 554 te
845 517 967 555 credo.
1008 518 1267 570 Posteaquam

131 581 220 608 mea
243 577 396 608 mutata
424 570 521 609 ratio
552 577 621 619 est,
646 583 737 608 cum
769 570 938 609 viderem
968 584 1032 610 me
1062 585 1085 609 a
1116 572 1267 611 Caesare

130 623 513 664 honorificentissime
543 625 698 664 tractari
725 633 762 664 et
785 626 897 664 unice
923 626 1046 677 diligi,
1076 626 1266 666 hominis-

130 691 208 730 que
229 679 501 718 liberalitatem
526 679 792 719 incredibilem
818 688 856 718 et
882 680 1118 731 singularem
1146 681 1265 720 fidem

129 735 306 780 nossem;
337 733 390 772 sic
412 733 446 772 ei
465 741 502 772 te
521 734 790 773 commendavi
816 742 853 773 et
872 734 1026 783 tradidi,
1053 743 1098 773 ut
1120 736 1267 787 gravis-

129 786 226 826 sime
245 788 615 840 diligentissimeque
642 788 764 840 potui.
798 788 918 837 Quod
936 789 1001 828 ine
1019 789 1073 827 ita
1092 790 1264 842 accepit;

129 848 167 880 et
193 842 292 881 mihi
319 856 418 894 saepe
442 843 563 881 literis
590 843 832 894 significavit,
864 851 902 881 et
927 843 999 882 tibi
1026 852 1063 883 et
1082 845 1207 883 verbis
1228 852 1266 883 et

126 908 168 935 re
186 896 366 947 ostendit,
387 897 475 936 mea
487 897 818 936 commendatione
833 910 917 937 sese
929 897 1040 937 valde
1059 912 1139 938 esse
1159 912 1264 938 com-

123 958 290 990 motum.

180 1006 302 1045 Hunc
322 1013 365 1046 tu
385 1005 512 1046 virum
532 1013 681 1056 nactus,
704 1007 737 1045 si
755 1020 819 1046 me
846 1014 914 1046 aut
940 1021 1072 1060 sapere
1097 1007 1260 1070 aliquid,

125 1067 193 1098 aut
211 1061 309 1100 velle
328 1062 397 1100 tua
416 1074 528 1100 causa
546 1070 675 1114 putas,
696 1074 744 1100 ne
764 1061 982 1100 dimiseris.
1014 1069 1064 1107 et,
1081 1062 1113 1100 si
1133 1076 1211 1114 qua
1226 1071 1265 1101 te

123 1115 222 1154 forte
240 1128 299 1155 res
318 1115 527 1167 aliquando
547 1116 762 1164 offenderit,
790 1129 879 1154 cum
900 1117 980 1163 ille,
1002 1124 1070 1155 aut
1097 1129 1261 1170 occupa-

122 1169 228 1208 u'one
247 1178 315 1209 aut
333 1170 571 1218 difficultate,
596 1170 737 1209 tardior
761 1170 832 1209 tibi
852 1171 923 1209 erit
939 1171 1057 1219 visus,
1078 1171 1259 1222 perferto,

124 1231 162 1262 et
180 1224 321 1263 ultima
340 1232 584 1277 exspectat03
602 1239 691 1278 quae
711 1238 781 1277 ego
797 1225 868 1264 tibi
888 1233 926 1264 et
940 1226 1116 1276 jucunda
1134 1234 1171 1265 et
1189 1226 1262 1265 ho-

121 1286 231 1317 nesta
248 1281 450 1331 praestabo.

178 1333 365 1373 Pluribus
392 1342 430 1373 te
458 1334 604 1374 hortari
631 1347 710 1373 non
736 1333 868 1373 debeo.
909 1334 1085 1373 Tantum
1104 1347 1259 1384 moneo,

123 1400 250 1450 neque
276 1388 454 1428 amicitiae
484 1389 757 1429 confirmandae
785 1389 986 1427 clarissimi
1008 1403 1051 1428 ac
1072 1390 1260 1429 liberalis-

123 1442 214 1481 simi
236 1443 326 1491 viri,
355 1456 482 1496 neque
511 1443 697 1483 uberioris
727 1444 947 1495 provinciae,
979 1456 1106 1496 neque
1136 1445 1258 1484 aetatis

121 1497 248 1549 magis
266 1497 451 1537 idoneum
470 1506 639 1551 tempus,
669 1499 702 1537 si
726 1498 799 1537 hoc
822 1498 1008 1545 amiseris,
1037 1507 1074 1537 te
1093 1512 1174 1538 esse
1193 1500 1256 1538 ul-

122 1551 208 1589 lum
227 1565 404 1604 unquam
423 1561 679 1606 reperturum.
714 1552 802 1592 Hoc
817 1553 1169 1605 (quemadmodum
1189 1567 1256 1593 vos

121 1606 284 1646 scribere
314 1607 442 1647 soletis
470 1609 512 1646 in
538 1607 670 1646 vestris
698 1606 827 1658 libris)
853 1608 958 1646 idem
992 1608 1043 1656 Q.
1077 1609 1257 1648 Cornelio

120 1660 336 1700 videbatur.
380 1663 432 1701 In
463 1662 711 1702 Britanniam
742 1670 779 1701 te
807 1663 1030 1715 profectum
1063 1675 1141 1701 non
1176 1677 1256 1702 esse

121 1715 286 1766 gaudeo,
307 1716 413 1768 quod
436 1724 474 1756 et
498 1718 630 1756 labore
655 1716 825 1765 caruisti,
851 1726 889 1755 et
914 1730 984 1769 ego
1008 1725 1046 1756 te
1071 1717 1118 1756 de
1140 1719 1256 1756 rebus

118 1769 197 1808 illis
215 1782 292 1809 non
315 1771 485 1810 audiam.
522 1771 606 1810 Ubi
628 1771 678 1810 515
703 1771 992 1820 hibernaturus,
1018 1779 1055 1810 et
1082 1786 1162 1825 qua
1187 1785 1256 1825 spe

118 1830 186 1863 aut
204 1825 435 1876 conditione,
454 1826 664 1880 perscribas
683 1826 734 1865 ad
751 1839 815 1865 me
835 1826 965 1865 velim.
994 1825 1111 1866 Vale.

261 1936 380 1989 (18.)
407 1934 622 1976 CICERO
652 1935 960 1980 TREBATIO
990 1935 1030 1975 S.
1051 1933 1108 1973 D.

172 2044 500 2095 (Argumentum.
514 2043 739 2084 —Laudat
773 2042 1029 2085 constantiam
1059 2039 1249 2102 Trebatii,

114 2100 185 2152 qui
198 2112 423 2152 permanere
439 2099 481 2138 in
500 2099 697 2152 provincia
715 2099 821 2152 apud
832 2099 1023 2138 Caesarem
1043 2095 1252 2135 constitue-

116 2161 187 2192 rat.
216 2154 409 2194 Jocatur'
397 2167 439 2194 m
459 2155 542 2206 ejus
565 2154 859 2207 parcimoniam,
880 2152 974 2206 quia
992 2151 1192 2204 scripserat
1209 2149 1254 2187 in

118 2208 396 2261 palimpsesto.)
