1501 2407
377 112 461 151 AD
491 112 792 153 DIVERsOs.
824 112 925 151 L113.
954 113 1006 151 V.
1036 113 1074 152 4.
1219 114 1295 159 117

157 220 338 260 laboravi.
378 221 525 261 Maneo
552 222 593 262 in
621 222 834 270 voluntate,
864 229 917 271 et,
946 222 1076 274 quoad
1102 223 1206 261 voles
1233 231 1292 271 tu,

155 277 390 326 permanebo
403 291 415 322 3
438 278 628 330 citiusque
642 290 772 316 amore
786 277 845 315 tui
863 276 1021 316 fratrem
1041 285 1156 316 tuum
1171 277 1297 316 odisse

157 329 345 379 desinam,
362 345 482 384 quam
501 333 607 370 illius
625 332 712 370 odio
731 331 948 385 quidquam
967 331 1016 371 de
1029 332 1161 372 nostra
1178 334 1296 372 bene-

158 385 325 424 volentia
345 385 558 425 detraham.
591 387 703 426 Vale.

212 555 303 602 (3.)
333 554 386 604 Q.
408 554 725 595 METELLUS
746 556 879 596 NEP.
908 556 947 596 S.
962 556 1016 595 D.
1046 555 1110 595 Μ.
1125 556 1176 597 T.
1189 557 1237 598 C.

208 663 539 713 (Aaessgztmenlum.
555 686 608 692 -—
630 662 693 702 De
721 662 964 702 contumeliis
994 661 1198 712 cujusdam
1225 672 1294 698 ne-

149 718 299 755 cessarii
329 719 417 772 (qui
448 720 492 757 P.
516 719 676 758 Clodius
695 719 846 757 videtur
873 717 1007 765 fuisse)
1037 716 1224 769 queritur,
1251 715 1293 752 in

152 772 212 820 cuj
220 785 263 811 us
281 773 365 812 loco
391 772 633 822 Ciceronem,
655 773 787 812 officiis
805 779 1065 825 perspectum,
1093 770 1166 809 sibi
1184 777 1293 822 optat

155 837 261 873 esse3
292 841 315 866 a
330 842 409 881 quo
427 837 540 881 petit,
562 835 606 866 ut
629 828 937 867 benevolentiam
956 833 1182 875 conservet.)

204 935 389 977 Hominis
413 938 736 991 importunissimi
760 937 1019 985 contumeliae,
1045 935 1188 988 quibus
1209 947 1291 974 cre-

147 991 225 1030 bris
245 993 492 1033 concionibus
515 1006 579 1032 me
605 1000 752 1042 onerat,
779 992 856 1030 tuis
880 1005 970 1043 erga
991 1004 1058 1030 me
1082 990 1215 1029 officiis
1235 989 1302 1028 le·-

147 1046 335 1094 niuntur3
367 1057 419 1096 et,
444 1057 489 1087 ut
518 1056 607 1087 sunt
636 1049 737 1087 leves
764 1049 813 1086 ab
844 1046 1036 1097 ejusmodi
1061 1045 1236 1093 homine,
1266 1058 1290 1083 a

148 1113 212 1139 me
235 1102 528 1154 despiciuntur3
556 1104 811 1154 libenterque,
840 1100 1079 1140 commutata
1107 1099 1289 1152 persona,

148 1163 185 1194 te
205 1157 303 1195 mihi
319 1158 447 1197 fratris
473 1158 557 1196 loco
584 1171 664 1196 esse
684 1158 793 1196 duco.
828 1156 892 1195 De
910 1157 979 1194 illo
997 1168 1047 1193 ne
1065 1155 1289 1193 meminisse

146 1211 305 1262 quidem
327 1213 427 1261 volo,
457 1213 610 1251 tametsi
636 1213 694 1251 bis
721 1224 811 1250 eum
836 1211 1005 1249 invitum
1029 1210 1187 1248 servavi.
1225 1209 1291 1248 De

145 1266 242 1305 meis
262 1269 390 1315 rebus,
411 1280 460 1306 ne
476 1268 583 1306 vobis
603 1266 855 1305 multitudine
873 1266 1074 1303 literarum
1094 1264 1293 1303 molestior

146 1334 282 1371 essem,
304 1322 354 1360 ad
373 1323 550 1361 Lollium
570 1321 773 1374 perscripsi
790 1335 801 1367 3
833 1321 881 1358 de
900 1320 1112 1359 rationibus
1131 1320 1290 1371 provin-

143 1376 212 1414 ciae
232 1377 327 1429 quid
346 1378 485 1416 vellem
506 1377 601 1424 fieri,
629 1383 673 1415 ut
692 1377 725 1414 is
746 1389 812 1414 vos
837 1375 986 1414 doceret
1011 1382 1048 1413 et
1067 1386 1291 1413 commone-

143 1431 295 1470 faceret.
337 1432 379 1471 Si
407 1432 563 1484 poteris,
592 1432 709 1471 velim
737 1430 941 1483 pristinam
968 1438 1078 1468 tuam
1106 1442 1197 1481 erga
1223 1442 1290 1468 me

147 1486 387 1526 voluntatem
407 1500 617 1527 conserves.
649 1487 762 1527 Vale.

146 1653 234 1705 (4,)
255 1653 316 1694 Μ.
329 1652 376 1694 C.
402 1655 442 1695 S.
453 1655 507 1694 D.
526 1656 578 1705 Q.
596 1654 884 1696 METELLO
906 1653 1146 1705 NEPOTI,
1168 1653 1228 1694 CC
1246 1653 1287 1693 S.

1050 1730 1076 1750 ,β

198 1763 528 1815 (Argumentum.
543 1790 597 1795 ——
609 1766 739 1804 Exsul
764 1779 879 1818 opem
900 1765 1084 1819 implorat
1102 1763 1285 1814 consulis,

144 1825 182 1858 et
199 1819 430 1859 memoriam
449 1821 624 1860 beneficii
642 1821 878 1873 pollicetur.)
1292 1824 1295 1827 “

196 1927 340 1967 Literae
369 1929 511 1978 Quinti
530 1931 672 1979 fratris,
701 1938 738 1969 et
769 1930 819 1969 T.
843 1929 1066 1983 Pomponii,
1087 1929 1289 1970 necessarii

141 1982 234 2031 mei,
257 1991 410 2022 tantum
430 1986 510 2037 spei
529 1986 728 2034 dederant,
750 1993 794 2024 ut
813 1986 853 2024 in
874 1994 911 2025 te
930 1999 1009 2025 non
1028 1985 1159 2024 minus
1174 1985 1288 2024 auxi-

140 2037 199 2086 lii,
233 2050 354 2089 quam
383 2039 426 2077 in
455 2048 523 2079 tuo
553 2040 714 2092 collega,
743 2041 843 2079 mihi
871 2041 1123 2080 constitutum
1152 2040 1282 2079 fuerit.

141 2092 284 2145 Itaque
303 2093 432 2132 literas
459 2095 509 2134 ad
531 2103 569 2134 te
596 2096 728 2134 statim
749 2096 865 2143 misi3
896 2109 965 2149 per
990 2109 1104 2148 quas,
1125 2099 1188 2139 (ut
1205 2096 1286 2134 for-

139 2155 237 2186 tuna
268 2149 505 2199 postulabat)
541 2157 578 2189 et
604 2151 746 2203 gratias
779 2151 850 2191 tibi
881 2151 957 2202 egi,
992 2158 1030 2189 et
1060 2149 1109 2189 de
1136 2152 1288 2202 reliquo

141 2209 314 2254 tempore
332 2203 524 2243 auxilium
544 2205 650 2258 petii.
690 2206 833 2246 Postea
857 2206 956 2244 mihi
975 2217 1053 2244 non
1076 2213 1158 2244 tam
1177 2218 1286 2244 meo-

140 2269 230 2296 rum
254 2257 388 2307 lsterae,
409 2272 529 2312 quam
558 2273 751 2300 sermones
781 2274 916 2301 eorum
942 2261 1012 2313 qui
1037 2260 1110 2299 hac
1134 2259 1208 2299 iter
1226 2259 1288 2299 fa·-
