1481 2422
358 93 444 133 AD
471 95 776 137 DIVERSOS.
801 96 892 136 an.
915 96 993 136 IX.
1018 100 1081 136 17,
1209 97 1288 142 267

235 200 349 254 (17.)
378 203 595 246 CICERO
624 207 674 245 L.
705 206 950 246 PAPIRIO
979 205 1153 246 PAETO
1183 207 1223 246 S.

215 290 545 361 (Argumefitum.
560 337 615 344 —
635 315 765 354 Caesar
789 314 980 353 miJitibus
1011 326 1121 365 agros
1149 311 1294 351 divisu-

157 375 224 402 rus
241 363 451 406 dicebatur.
502 369 701 409 Metuenti
732 371 857 418 Paeto,
879 382 929 408 ne
963 369 1098 407 divisio
1128 367 1178 406 ad
1207 378 1295 405 suos

156 430 270 470 agros
286 422 498 473 perveniat,
519 424 638 476 idque
657 424 859 477 quaerenti,
880 424 1014 464 Cicero
1033 419 1273 475 respondet.)

210 527 308 567 Non
325 537 369 569 tu
388 531 507 572 homo
525 533 712 573 ridiculus
732 547 786 582 es,
801 534 884 586 qui,
900 546 990 572 cum
1003 533 1154 572 Balbus
1168 538 1296 570 noster

157 582 264 634 apud
278 591 316 623 te
333 585 464 634 fuerit,
485 601 534 626 ex
548 601 612 627 me
627 602 790 641 quaeras,
807 588 903 641 quid
917 588 964 627 de
975 588 1058 626 istis
1072 585 1296 637 municipiis

158 645 197 675 et
215 638 316 689 agris
346 640 525 680 futurum
548 645 719 694 putem?
749 644 860 695 quasi
879 650 947 681 aut
980 655 1050 694 ego
1080 641 1297 693 quidquam

157 691 293 742 sciam,
314 695 420 746 quod
434 696 506 735 iste
524 698 688 744 nesciat3
711 706 793 747 aut,
814 698 846 736 si
865 697 962 749 quid
983 695 1192 748 aliquando
1204 695 1295 743 scio,

157 756 237 785 non
257 760 306 786 ex
323 749 396 788 isto
411 751 554 790 soleam
574 752 679 791 scire.
712 753 844 791 Immo
863 764 965 800 vero,
987 752 1019 790 si
1030 764 1094 789 me
1109 763 1230 797 amas,
1252 756 1296 787 tu

160 799 235 849 fac,
256 810 301 841 ut
320 804 453 854 sciam,
475 806 571 858 quid
596 806 645 845 de
667 807 778 846 nobis
801 807 980 845 futurum
1007 806 1067 844 sit.
1110 804 1297 843 Habuisti

160 856 265 895 enim
284 856 325 895 in
345 860 414 898 tua
436 869 635 911 potestate,
656 875 705 900 ex
724 874 802 913 quo
817 861 878 900 vel
898 874 946 899 ex
965 861 1105 905 sobrio,
1119 859 1180 898 vel
1199 866 1299 897 certe

162 922 213 949 ex
238 912 356 961 ebrio,
384 915 478 953 scire
505 929 645 967 posses.
695 916 773 955 Sed
797 929 867 967 ego
886 916 973 964 ista,
994 915 1051 953 mi
1071 916 1192 961 Paete,
1219 925 1299 952 non

162 977 314 1016 quaero:
335 968 525 1019 primum,
547 971 640 1022 quia
658 971 706 1010 de
724 971 831 1009 lucro
849 983 970 1022 prope
987 971 1069 1020 jam
1091 967 1299 1021 quadrien-

161 1019 275 1059 nium
294 1022 487 1069 vivimus3
519 1025 551 1063 si
569 1034 638 1064 aut
662 1025 734 1064 hoc
752 1025 906 1064 lucrum
927 1033 995 1073 est,
1017 1032 1085 1063 aut
1103 1024 1186 1062 haec
1204 1022 1297 1072 w’ta,

162 1077 409 1127 superstitem
441 1079 664 1130 reipublicae
700 1080 826 1119 vivere
840 1094 852 1118 z
882 1079 1035 1126 deinde,
1070 1078 1176 1131 quod
1207 1077 1301 1116 scire

161 1142 319 1182 quoque
347 1133 448 1171 mihi
477 1134 622 1184 videor,
644 1135 741 1188 quid
765 1134 945 1172 futurum
969 1134 1033 1172 sit.
1073 1133 1162 1172 Fiet
1194 1131 1300 1171 enim

164 1185 440 1239 quodcumque
478 1189 622 1239 volent,
658 1190 727 1242 qui
764 1189 974 1227 valebunt:
1014 1188 1199 1226 valebunt
1230 1199 1300 1224 au-

165 1245 246 1277 tem
285 1254 434 1294 semper
465 1256 586 1282 arma.
626 1244 727 1283 Satis
758 1243 878 1295 igitur
913 1243 1024 1282 nobis
1054 1255 1135 1281 esse
1172 1241 1299 1289 debet,

164 1293 356 1346 quidquid
382 1298 614 1337 conceditur.
657 1299 748 1338 Hoc
780 1299 814 1337 si
844 1298 913 1351 qui
942 1298 1024 1350 pau·
1054 1310 1132 1336 non
1157 1296 1299 1349 potuit,

162 1349 263 1387 mori
281 1349 427 1390 debuit.

233 1403 439 1444 Veientem
475 1407 635 1459 quidem
667 1421 807 1460 agrum
841 1415 879 1446 et
917 1407 1156 1459 Capenatem
1185 1405 1301 1444 meti-

164 1465 298 1497 untur.
328 1460 418 1500 Hoc
435 1474 514 1500 non
532 1463 648 1515 longe
665 1465 773 1502 abest
791 1477 815 1502 a
832 1463 1070 1501 Tusculano.
1111 1460 1224 1500 Nihil
1244 1468 1302 1498 ta-

163 1524 256 1551 men
276 1514 395 1554 timeo
411 1530 422 1554 z
452 1516 574 1567 fruor,
591 1518 688 1556 dum
706 1518 819 1557 licet:
850 1525 955 1569 opto,
977 1525 1022 1555 ut
1043 1529 1193 1568 semper
1212 1515 1303 1554 lice-

165 1575 218 1606 at.
247 1568 291 1608 Si
317 1570 359 1608 id
377 1571 510 1610 minus
532 1572 760 1624 contigerit3
791 1580 939 1621 tamen,
973 1571 1130 1624 quando
1155 1583 1226 1621 ego
1245 1569 1303 1608 vir

166 1621 290 1672 fortis,
323 1624 506 1678 idemque
533 1627 804 1679 philosophus,
838 1627 965 1666 vivere
996 1625 1305 1678 pulcherrimum

166 1675 280 1727 duxi,
304 1690 383 1718 non
401 1693 561 1732 possum
581 1695 672 1720 eum
697 1694 776 1720 non
794 1681 967 1734 diligere,
989 1682 1100 1730 cujus
1118 1679 1304 1718 beneficio

167 1730 210 1769 id
224 1742 450 1773 consecutus
475 1748 575 1774 sum.
606 1737 689 1785 Qui
708 1737 740 1775 si
758 1737 890 1788 cupiat
909 1749 988 1775 esse
1005 1734 1303 1787 rempublicam,

169 1787 327 1838 qualem
345 1788 505 1828 fortasse
535 1798 573 1829 et
597 1791 663 1830 ine
681 1792 780 1841 vult,
813 1799 852 1830 et
876 1803 1010 1830 omnes
1037 1799 1170 1841 optare
1188 1788 1305 1826 debe-

168 1852 287 1888 mus3
318 1843 414 1895 quid
442 1844 558 1884 faciat
586 1853 734 1897 tamen,
767 1858 846 1885 non
875 1846 1017 1884 habet:
1054 1845 1110 1883 ita
1139 1857 1178 1882 se
1211 1855 1303 1882 cum

167 1896 305 1935 multis
324 1898 532 1949 colligavit.

223 1951 302 1991 Sed
319 1952 472 2004 longius
491 1954 737 2006 progredior:
769 1955 895 1994 scribo
925 1954 1030 1993 enim
1061 1953 1111 1992 ad
1135 1961 1185 1992 te.
1216 1952 1306 1991 Hoc

167 2012 301 2045 tamen
320 2007 428 2057 scito,
452 2020 531 2047 non
560 2009 677 2048 modo
700 2023 780 2059 me,
801 2010 871 2063 qui
890 2009 1056 2048 consiliis
1085 2020 1163 2046 non
1182 2007 1302 2045 inter-

169 2073 273 2108 sum,
304 2061 371 2100 sed
399 2075 448 2101 ne
472 2062 603 2115 ipsum
633 2064 792 2116 quidem
817 2064 1046 2116 principem,
1075 2063 1183 2111 scire,
1208 2061 1305 2112 quid

168 2114 349 2154 futurum
368 2116 430 2155 sit.
464 2119 549 2157 Nos
565 2118 670 2157 enim
695 2118 753 2156 illi
772 2119 961 2157 servimus
977 2132 990 2164 ς
1020 2118 1103 2169 ipse
1121 2115 1305 2168 tempori-

167 2170 254 2208 bus.
287 2171 350 2209 Ita
367 2183 438 2211 nec
455 2172 535 2219 ille,
555 2172 652 2225 quid
670 2180 846 2226 tempora
864 2174 1107 2225 postulatura
1126 2171 1216 2219 sint,
1233 2183 1303 2209 nec

168 2236 253 2275 nos,
273 2225 369 2277 quid
387 2226 454 2266 ille
469 2227 624 2279 cogitet,
641 2227 737 2267 scire
754 2241 975 2281 possumus.
