<?xml version="1.0" encoding="UTF-8"?>
<!DOCTYPE html PUBLIC "-//W3C//DTD XHTML 1.0 Transitional//EN"
    "http://www.w3.org/TR/xhtml1/DTD/xhtml1-transitional.dtd">
<html xmlns="http://www.w3.org/1999/xhtml" xml:lang="en" lang="en">
 <head>
  <title>
</title>
<meta http-equiv="Content-Type" content="text/html;charset=utf-8" />
  <meta name='ocr-system' content='tesseract 3.04.00' />
  <meta name='ocr-capabilities' content='ocr_page ocr_carea ocr_par ocr_line ocrx_word'/>
</head>
<body>
  <div class='ocr_page' id='page_1' title='image "./operaern09ciceuoft_0156.png"; bbox 0 0 1501 2407; ppageno 0'>
   <div class='ocr_carea' id='block_1_1' title="bbox 222 93 1145 136">
    <p class='ocr_par' dir='ltr' id='par_1_1' title="bbox 222 93 1145 136">
     <span class='ocr_line' id='line_1_1' title="bbox 222 93 1145 136; baseline 0.001 -4"><span class='ocrx_word' id='word_1_1' title='bbox 222 93 298 132; x_wconf 84' lang='lat'>142</span> <span class='ocrx_word' id='word_1_2' title='bbox 430 93 514 134; x_wconf 90' lang='lat' dir='ltr'>AD</span> <span class='ocrx_word' id='word_1_3' title='bbox 543 93 844 136; x_wconf 86' lang='lat' dir='ltr'><strong>DIVERSOS.</strong></span> <span class='ocrx_word' id='word_1_4' title='bbox 875 94 976 134; x_wconf 76' lang='lat' dir='ltr'>Lm.</span> <span class='ocrx_word' id='word_1_5' title='bbox 999 95 1050 134; x_wconf 89' lang='lat' dir='ltr'>V.</span> <span class='ocrx_word' id='word_1_6' title='bbox 1080 96 1145 135; x_wconf 84' lang='lat'>20.</span> 
     </span>
    </p>
   </div>
   <div class='ocr_carea' id='block_1_2' title="bbox 216 203 1347 375">
    <p class='ocr_par' dir='ltr' id='par_1_2' title="bbox 216 203 1347 366">
     <span class='ocr_line' id='line_1_2' title="bbox 217 203 1344 256; baseline 0.003 -15"><span class='ocrx_word' id='word_1_7' title='bbox 217 212 275 251; x_wconf 87' lang='lat' dir='ltr'>tu,</span> <span class='ocrx_word' id='word_1_8' title='bbox 297 203 329 242; x_wconf 86' lang='lat' dir='ltr'>si</span> <span class='ocrx_word' id='word_1_9' title='bbox 347 203 464 243; x_wconf 78' lang='lat' dir='ltr'>simul</span> <span class='ocrx_word' id='word_1_10' title='bbox 481 204 661 256; x_wconf 83' lang='lat' dir='ltr'>placebit,</span> <span class='ocrx_word' id='word_1_11' title='bbox 682 205 812 244; x_wconf 88' lang='lat' dir='ltr'>statim</span> <span class='ocrx_word' id='word_1_12' title='bbox 831 204 882 244; x_wconf 85' lang='lat' dir='ltr'>ad</span> <span class='ocrx_word' id='word_1_13' title='bbox 897 217 963 243; x_wconf 86' lang='lat' dir='ltr'>me</span> <span class='ocrx_word' id='word_1_14' title='bbox 982 204 1133 244; x_wconf 85' lang='lat' dir='ltr'>venies.</span> <span class='ocrx_word' id='word_1_15' title='bbox 1122 218 1132 228; x_wconf 92' lang='lat'><strong>·</strong></span> <span class='ocrx_word' id='word_1_16' title='bbox 1163 204 1224 243; x_wconf 88' lang='lat' dir='ltr'>sin</span> <span class='ocrx_word' id='word_1_17' title='bbox 1240 203 1344 244; x_wconf 73' lang='lat' dir='ltr'>idem</span> 
     </span>
     <span class='ocr_line' id='line_1_3' title="bbox 217 257 1347 311; baseline 0.001 -15"><span class='ocrx_word' id='word_1_18' title='bbox 217 257 396 309; x_wconf 86' lang='lat' dir='ltr'>placebit,</span> <span class='ocrx_word' id='word_1_19' title='bbox 417 266 533 311; x_wconf 85' lang='lat' dir='ltr'>atque</span> <span class='ocrx_word' id='word_1_20' title='bbox 552 259 701 308; x_wconf 83' lang='lat' dir='ltr'>eodem,</span> <span class='ocrx_word' id='word_1_21' title='bbox 728 271 798 298; x_wconf 88' lang='lat' dir='ltr'>nec</span> <span class='ocrx_word' id='word_1_22' title='bbox 817 259 1000 299; x_wconf 90' lang='lat' dir='ltr'>continuo</span> <span class='ocrx_word' id='word_1_23' title='bbox 1017 259 1185 311; x_wconf 88' lang='lat' dir='ltr'>poteris·</span> <span class='ocrx_word' id='word_1_24' title='bbox 1173 287 1187 305; x_wconf 94' lang='lat'><strong>‚</strong></span> <span class='ocrx_word' id='word_1_25' title='bbox 1214 258 1347 297; x_wconf 80' lang='lat' dir='ltr'>omnia</span> 
     </span>
     <span class='ocr_line' id='line_1_4' title="bbox 216 311 1346 375; baseline 0.002 -25"><span class='ocrx_word' id='word_1_26' title='bbox 216 311 287 350; x_wconf 89' lang='lat' dir='ltr'>tibi</span> <span class='ocrx_word' id='word_1_27' title='bbox 305 319 350 350; x_wconf 89' lang='lat' dir='ltr'>ut</span> <span class='ocrx_word' id='word_1_28' title='bbox 367 320 459 352; x_wconf 85' lang='lat' dir='ltr'>nota</span> <span class='ocrx_word' id='word_1_29' title='bbox 478 313 566 361; x_wconf 89' lang='lat' dir='ltr'>sint,</span> <span class='ocrx_word' id='word_1_30' title='bbox 579 313 731 352; x_wconf 84' lang='lat' dir='ltr'>faciam.</span> <span class='ocrx_word' id='word_1_31' title='bbox 761 313 968 366; x_wconf 78' lang='lat' dir='ltr'><strong>Quidquid</strong></span> <span class='ocrx_word' id='word_1_32' title='bbox 979 313 1170 375; x_wconf 79' lang='lat' dir='ltr'>statueris,</span> <span class='ocrx_word' id='word_1_33' title='bbox 1190 319 1230 351; x_wconf 86' lang='lat' dir='ltr'>te</span> <span class='ocrx_word' id='word_1_34' title='bbox 1247 312 1346 351; x_wconf 89' lang='lat' dir='ltr'>mihi</span> 
     </span>
    </p>
   </div>
   <div class='ocr_carea' id='block_1_3' title="bbox 215 366 1347 461">
    <p class='ocr_par' dir='ltr' id='par_1_3' title="bbox 215 366 1347 461">
     <span class='ocr_line' id='line_1_5' title="bbox 215 366 1347 420; baseline 0 -16"><span class='ocrx_word' id='word_1_35' title='bbox 215 366 412 413; x_wconf 84' lang='lat' dir='ltr'>amicum;</span> <span class='ocrx_word' id='word_1_36' title='bbox 442 367 502 406; x_wconf 91' lang='lat' dir='ltr'>sin</span> <span class='ocrx_word' id='word_1_37' title='bbox 520 368 560 406; x_wconf 92' lang='lat' dir='ltr'>id</span> <span class='ocrx_word' id='word_1_38' title='bbox 579 369 684 420; x_wconf 91' lang='lat' dir='ltr'>quod</span> <span class='ocrx_word' id='word_1_39' title='bbox 702 375 806 420; x_wconf 91' lang='lat' dir='ltr'>opto,</span> <span class='ocrx_word' id='word_1_40' title='bbox 827 368 944 408; x_wconf 82' lang='lat' dir='ltr'>etiam</span> <span class='ocrx_word' id='word_1_41' title='bbox 963 367 1257 416; x_wconf 84' lang='lat' dir='ltr'>amicissimum,</span> <span class='ocrx_word' id='word_1_42' title='bbox 1280 367 1347 417; x_wconf 90' lang='lat' dir='ltr'>ju-</span> 
     </span>
     <span class='ocr_line' id='line_1_6' title="bbox 218 420 508 461; baseline 0.003 -2"><span class='ocrx_word' id='word_1_43' title='bbox 218 420 366 460; x_wconf 84' lang='lat' dir='ltr'>dicabo.</span> <span class='ocrx_word' id='word_1_44' title='bbox 395 422 508 461; x_wconf 82' lang='lat' dir='ltr'><strong>Vale.</strong></span> 
     </span>
    </p>
   </div>
   <div class='ocr_carea' id='block_1_4' title="bbox 512 592 1075 644">
    <p class='ocr_par' dir='ltr' id='par_1_4' title="bbox 512 592 1075 644">
     <span class='ocr_line' id='line_1_7' title="bbox 512 592 1075 644; baseline 0.004 -15"><span class='ocrx_word' id='word_1_45' title='bbox 512 593 630 644; x_wconf 80' lang='lat'>(20.)</span> <span class='ocrx_word' id='word_1_46' title='bbox 660 592 874 632; x_wconf 73' lang='lat' dir='ltr'>mci-:Ro</span> <span class='ocrx_word' id='word_1_47' title='bbox 902 592 1075 633; x_wconf 84' lang='lat' dir='ltr'><strong>RUFO.</strong></span> 
     </span>
    </p>
   </div>
   <div class='ocr_carea' id='block_1_5' title="bbox 218 700 1349 1024">
    <p class='ocr_par' dir='ltr' id='par_1_5' title="bbox 218 700 1349 1024">
     <span class='ocr_line' id='line_1_8' title="bbox 272 700 1348 754; baseline 0.001 -15"><span class='ocrx_word' id='word_1_48' title='bbox 272 701 599 752; x_wconf 77' lang='lat' dir='ltr'><em>(Argumentum.</em></span> <span class='ocrx_word' id='word_1_49' title='bbox 614 725 669 730; x_wconf 97' lang='lat'>—</span> <span class='ocrx_word' id='word_1_50' title='bbox 680 701 854 740; x_wconf 84' lang='lat' dir='ltr'>Excusat</span> <span class='ocrx_word' id='word_1_51' title='bbox 872 715 912 741; x_wconf 89' lang='lat' dir='ltr'>se</span> <span class='ocrx_word' id='word_1_52' title='bbox 930 701 1053 748; x_wconf 89' lang='lat' dir='ltr'>Rufo,</span> <span class='ocrx_word' id='word_1_53' title='bbox 1071 700 1249 754; x_wconf 73' lang='lat' dir='ltr'>querenti</span> <span class='ocrx_word' id='word_1_54' title='bbox 1278 713 1348 753; x_wconf 88' lang='lat' dir='ltr'>per</span> 
     </span>
     <span class='ocr_line' id='line_1_9' title="bbox 218 755 1346 808; baseline -0.001 -14"><span class='ocrx_word' id='word_1_55' title='bbox 218 755 361 803; x_wconf 81' lang='lat' dir='ltr'><strong>literas,</strong></span> <span class='ocrx_word' id='word_1_56' title='bbox 382 756 488 808; x_wconf 87' lang='lat' dir='ltr'>quod</span> <span class='ocrx_word' id='word_1_57' title='bbox 514 757 679 794; x_wconf 72' lang='lat' dir='ltr'>rationes</span> <span class='ocrx_word' id='word_1_58' title='bbox 700 756 906 807; x_wconf 80' lang='lat' dir='ltr'>provinciae</span> <span class='ocrx_word' id='word_1_59' title='bbox 924 756 974 794; x_wconf 86' lang='lat' dir='ltr'>ad</span> <span class='ocrx_word' id='word_1_60' title='bbox 992 756 1185 802; x_wconf 86' lang='lat' dir='ltr'>aerarium,</span> <span class='ocrx_word' id='word_1_61' title='bbox 1206 768 1251 794; x_wconf 84' lang='lat' dir='ltr'>eo</span> <span class='ocrx_word' id='word_1_62' title='bbox 1268 767 1346 794; x_wconf 86' lang='lat' dir='ltr'>non</span> 
     </span>
     <span class='ocr_line' id='line_1_10' title="bbox 219 809 1347 862; baseline 0 -14"><span class='ocrx_word' id='word_1_63' title='bbox 219 817 452 861; x_wconf 80' lang='lat' dir='ltr'>exspectato,</span> <span class='ocrx_word' id='word_1_64' title='bbox 481 809 689 848; x_wconf 86' lang='lat' dir='ltr'>detulisset.</span> <span class='ocrx_word' id='word_1_65' title='bbox 731 811 870 862; x_wconf 87' lang='lat' dir='ltr'>Ipsum</span> <span class='ocrx_word' id='word_1_66' title='bbox 889 811 994 849; x_wconf 90' lang='lat' dir='ltr'>enim</span> <span class='ocrx_word' id='word_1_67' title='bbox 1012 810 1074 849; x_wconf 89' lang='lat' dir='ltr'>vel</span> <span class='ocrx_word' id='word_1_68' title='bbox 1092 809 1224 848; x_wconf 83' lang='lat' dir='ltr'>addita</span> <span class='ocrx_word' id='word_1_69' title='bbox 1240 823 1347 862; x_wconf 89' lang='lat' dir='ltr'>quae-</span> 
     </span>
     <span class='ocr_line' id='line_1_11' title="bbox 219 862 1349 916; baseline 0 -14"><span class='ocrx_word' id='word_1_70' title='bbox 219 864 311 902; x_wconf 86' lang='lat' dir='ltr'>dam</span> <span class='ocrx_word' id='word_1_71' title='bbox 330 865 391 903; x_wconf 88' lang='lat' dir='ltr'>vel</span> <span class='ocrx_word' id='word_1_72' title='bbox 408 862 614 903; x_wconf 77' lang='lat' dir='ltr'>immutata</span> <span class='ocrx_word' id='word_1_73' title='bbox 632 863 673 902; x_wconf 89' lang='lat' dir='ltr'>in</span> <span class='ocrx_word' id='word_1_74' title='bbox 692 864 738 903; x_wconf 89' lang='lat' dir='ltr'>iis</span> <span class='ocrx_word' id='word_1_75' title='bbox 753 877 902 916; x_wconf 86' lang='lat' dir='ltr'>cupere.</span> <span class='ocrx_word' id='word_1_76' title='bbox 933 865 1038 903; x_wconf 82' lang='lat' dir='ltr'>Tota</span> <span class='ocrx_word' id='word_1_77' title='bbox 1056 872 1112 903; x_wconf 89' lang='lat' dir='ltr'>est</span> <span class='ocrx_word' id='word_1_78' title='bbox 1129 864 1178 902; x_wconf 89' lang='lat' dir='ltr'>de</span> <span class='ocrx_word' id='word_1_79' title='bbox 1190 864 1349 903; x_wconf 86' lang='lat' dir='ltr'>rationi-</span> 
     </span>
     <span class='ocr_line' id='line_1_12' title="bbox 218 918 1347 969; baseline 0.001 -13"><span class='ocrx_word' id='word_1_80' title='bbox 218 919 306 966; x_wconf 94' lang='lat' dir='ltr'>bus,</span> <span class='ocrx_word' id='word_1_81' title='bbox 328 926 365 956; x_wconf 91' lang='lat' dir='ltr'>et</span> <span class='ocrx_word' id='word_1_82' title='bbox 384 920 432 957; x_wconf 93' lang='lat' dir='ltr'>ob</span> <span class='ocrx_word' id='word_1_83' title='bbox 460 918 501 956; x_wconf 91' lang='lat' dir='ltr'>id</span> <span class='ocrx_word' id='word_1_84' title='bbox 530 920 705 967; x_wconf 87' lang='lat' dir='ltr'>obscura,</span> <span class='ocrx_word' id='word_1_85' title='bbox 736 919 869 968; x_wconf 88' lang='lat' dir='ltr'>etiam,</span> <span class='ocrx_word' id='word_1_86' title='bbox 899 918 1136 959; x_wconf 77' lang='lat' dir='ltr'>variantibus</span> <span class='ocrx_word' id='word_1_87' title='bbox 1162 918 1286 969; x_wconf 84' lang='lat' dir='ltr'>libris,</span> <span class='ocrx_word' id='word_1_88' title='bbox 1314 918 1347 957; x_wconf 86' lang='lat' dir='ltr'>si</span> 
     </span>
     <span class='ocr_line' id='line_1_13' title="bbox 218 973 604 1024; baseline 0.003 -14"><span class='ocrx_word' id='word_1_89' title='bbox 218 986 307 1024; x_wconf 87' lang='lat' dir='ltr'>quae</span> <span class='ocrx_word' id='word_1_90' title='bbox 326 973 414 1021; x_wconf 85' lang='lat' dir='ltr'>alia,</span> <span class='ocrx_word' id='word_1_91' title='bbox 435 979 604 1022; x_wconf 84' lang='lat' dir='ltr'>vexata.)</span> 
     </span>
    </p>
   </div>
   <div class='ocr_carea' id='block_1_6' title="bbox 731 1051 841 1058">
    <p class='ocr_par' dir='ltr' id='par_1_6' title="bbox 731 1051 841 1058">
     <span class='ocr_line' id='line_1_14' title="bbox 731 1051 841 1058; baseline 0 1349"><span class='ocrx_word' id='word_1_92' title='bbox 731 1051 841 1058; x_wconf 95' lang='lat' dir='ltr'> </span> 
     </span>
    </p>
   </div>
   <div class='ocr_carea' id='block_1_7' title="bbox 211 1080 1350 2222">
    <p class='ocr_par' dir='ltr' id='par_1_7' title="bbox 214 1080 1350 1881">
     <span class='ocr_line' id='line_1_15' title="bbox 272 1080 1349 1134; baseline 0.002 -15"><span class='ocrx_word' id='word_1_93' title='bbox 272 1080 366 1129; x_wconf 85' lang='lat' dir='ltr'>Quo</span> <span class='ocrx_word' id='word_1_94' title='bbox 383 1081 500 1120; x_wconf 89' lang='lat' dir='ltr'>modo</span> <span class='ocrx_word' id='word_1_95' title='bbox 524 1082 749 1134; x_wconf 80' lang='lat' dir='ltr'>potuissem,</span> <span class='ocrx_word' id='word_1_96' title='bbox 779 1091 818 1121; x_wconf 92' lang='lat' dir='ltr'>te</span> <span class='ocrx_word' id='word_1_97' title='bbox 844 1082 1119 1131; x_wconf 86' lang='lat' dir='ltr'>convenissem,</span> <span class='ocrx_word' id='word_1_98' title='bbox 1139 1081 1173 1121; x_wconf 84' lang='lat' dir='ltr'>si</span> <span class='ocrx_word' id='word_1_99' title='bbox 1191 1094 1250 1132; x_wconf 75' lang='grc' dir='ltr'>εο,</span> <span class='ocrx_word' id='word_1_100' title='bbox 1269 1095 1349 1134; x_wconf 92' lang='lat' dir='ltr'>quo</span> 
     </span>
     <span class='ocr_line' id='line_1_16' title="bbox 217 1136 1347 1185; baseline 0.001 -12"><span class='ocrx_word' id='word_1_101' title='bbox 217 1136 479 1185; x_wconf 77' lang='lat' dir='ltr'>constitueras,</span> <span class='ocrx_word' id='word_1_102' title='bbox 509 1137 638 1175; x_wconf 87' lang='lat' dir='ltr'>venire</span> <span class='ocrx_word' id='word_1_103' title='bbox 664 1137 859 1176; x_wconf 84' lang='lat' dir='ltr'>voluisses.</span> <span class='ocrx_word' id='word_1_104' title='bbox 899 1136 1048 1185; x_wconf 86' lang='lat' dir='ltr'>Quare,</span> <span class='ocrx_word' id='word_1_105' title='bbox 1077 1136 1147 1176; x_wconf 89' lang='lat' dir='ltr'>etsi</span> <span class='ocrx_word' id='word_1_106' title='bbox 1165 1136 1224 1175; x_wconf 88' lang='lat' dir='ltr'>tui</span> <span class='ocrx_word' id='word_1_107' title='bbox 1241 1149 1347 1176; x_wconf 86' lang='lat' dir='ltr'>com·</span> 
     </span>
     <span class='ocr_line' id='line_1_17' title="bbox 216 1190 1348 1239; baseline 0.002 -11"><span class='ocrx_word' id='word_1_108' title='bbox 216 1190 324 1228; x_wconf 89' lang='lat' dir='ltr'>modi</span> <span class='ocrx_word' id='word_1_109' title='bbox 343 1191 458 1229; x_wconf 65' lang='lat' dir='ltr'>causa</span> <span class='ocrx_word' id='word_1_110' title='bbox 476 1203 716 1229; x_wconf 88' lang='lat' dir='ltr'>commovere</span> <span class='ocrx_word' id='word_1_111' title='bbox 733 1204 797 1229; x_wconf 92' lang='lat' dir='ltr'>me</span> <span class='ocrx_word' id='word_1_112' title='bbox 814 1191 988 1239; x_wconf 78' lang='lat' dir='ltr'>noluisti,</span> <span class='ocrx_word' id='word_1_113' title='bbox 1011 1199 1142 1230; x_wconf 83' lang='lat' dir='ltr'>tamen</span> <span class='ocrx_word' id='word_1_114' title='bbox 1165 1191 1221 1229; x_wconf 87' lang='lat' dir='ltr'>ita</span> <span class='ocrx_word' id='word_1_115' title='bbox 1247 1191 1348 1230; x_wconf 84' lang='lat' dir='ltr'>exis-</span> 
     </span>
     <span class='ocr_line' id='line_1_18' title="bbox 216 1244 1350 1294; baseline 0.002 -12"><span class='ocrx_word' id='word_1_116' title='bbox 216 1244 330 1283; x_wconf 88' lang='lat' dir='ltr'>times</span> <span class='ocrx_word' id='word_1_117' title='bbox 348 1244 480 1292; x_wconf 88' lang='lat' dir='ltr'>velim,</span> <span class='ocrx_word' id='word_1_118' title='bbox 501 1257 565 1283; x_wconf 90' lang='lat' dir='ltr'>me</span> <span class='ocrx_word' id='word_1_119' title='bbox 584 1245 846 1284; x_wconf 84' lang='lat' dir='ltr'>antelaturum</span> <span class='ocrx_word' id='word_1_120' title='bbox 863 1245 996 1294; x_wconf 89' lang='lat' dir='ltr'>fuisse,</span> <span class='ocrx_word' id='word_1_121' title='bbox 1017 1245 1050 1284; x_wconf 88' lang='lat' dir='ltr'>si</span> <span class='ocrx_word' id='word_1_122' title='bbox 1074 1245 1124 1284; x_wconf 83' lang='lat' dir='ltr'>ad</span> <span class='ocrx_word' id='word_1_123' title='bbox 1141 1258 1206 1283; x_wconf 90' lang='lat' dir='ltr'>me</span> <span class='ocrx_word' id='word_1_124' title='bbox 1222 1245 1350 1284; x_wconf 84' lang='lat' dir='ltr'>misis-</span> 
     </span>
     <span class='ocr_line' id='line_1_19' title="bbox 215 1299 1349 1351; baseline 0.002 -15"><span class='ocrx_word' id='word_1_125' title='bbox 215 1311 289 1346; x_wconf 88' lang='lat' dir='ltr'>ses,</span> <span class='ocrx_word' id='word_1_126' title='bbox 320 1299 556 1337; x_wconf 80' lang='lat' dir='ltr'>voluntatem</span> <span class='ocrx_word' id='word_1_127' title='bbox 576 1307 684 1338; x_wconf 84' lang='lat' dir='ltr'>tuam</span> <span class='ocrx_word' id='word_1_128' title='bbox 708 1300 909 1338; x_wconf 87' lang='lat' dir='ltr'>commodo</span> <span class='ocrx_word' id='word_1_129' title='bbox 934 1312 1034 1339; x_wconf 86' lang='lat' dir='ltr'>meo.</span> <span class='ocrx_word' id='word_1_130' title='bbox 1073 1299 1144 1338; x_wconf 85' lang='lat' dir='ltr'>Ad</span> <span class='ocrx_word' id='word_1_131' title='bbox 1170 1312 1228 1347; x_wconf 83' lang='lat' dir='ltr'>ea,</span> <span class='ocrx_word' id='word_1_132' title='bbox 1260 1313 1349 1351; x_wconf 87' lang='lat' dir='ltr'>quae</span> 
     </span>
     <span class='ocr_line' id='line_1_20' title="bbox 216 1353 1347 1406; baseline 0.001 -15"><span class='ocrx_word' id='word_1_133' title='bbox 216 1353 412 1404; x_wconf 84' lang='lat' dir='ltr'>scripsisti,</span> <span class='ocrx_word' id='word_1_134' title='bbox 433 1353 672 1392; x_wconf 82' lang='lat' dir='ltr'>commodius</span> <span class='ocrx_word' id='word_1_135' title='bbox 687 1354 866 1406; x_wconf 89' lang='lat' dir='ltr'>equidem</span> <span class='ocrx_word' id='word_1_136' title='bbox 878 1367 1030 1406; x_wconf 91' lang='lat' dir='ltr'>possem</span> <span class='ocrx_word' id='word_1_137' title='bbox 1048 1354 1097 1392; x_wconf 87' lang='lat' dir='ltr'>de</span> <span class='ocrx_word' id='word_1_138' title='bbox 1116 1354 1279 1405; x_wconf 88' lang='lat' dir='ltr'>singulis</span> <span class='ocrx_word' id='word_1_139' title='bbox 1296 1353 1347 1392; x_wconf 86' lang='lat' dir='ltr'>ad</span> 
     </span>
     <span class='ocr_line' id='line_1_21' title="bbox 216 1407 1347 1457; baseline 0.002 -12"><span class='ocrx_word' id='word_1_140' title='bbox 216 1414 255 1445; x_wconf 88' lang='lat' dir='ltr'>te</span> <span class='ocrx_word' id='word_1_141' title='bbox 273 1409 387 1445; x_wconf 92' lang='lat' dir='ltr'>rebus</span> <span class='ocrx_word' id='word_1_142' title='bbox 405 1408 582 1455; x_wconf 88' lang='lat' dir='ltr'>scribere,</span> <span class='ocrx_word' id='word_1_143' title='bbox 603 1407 635 1446; x_wconf 90' lang='lat' dir='ltr'>si</span> <span class='ocrx_word' id='word_1_144' title='bbox 653 1408 715 1446; x_wconf 84' lang='lat' dir='ltr'>M.</span> <span class='ocrx_word' id='word_1_145' title='bbox 737 1408 909 1457; x_wconf 88' lang='lat' dir='ltr'>Tullius,</span> <span class='ocrx_word' id='word_1_146' title='bbox 937 1408 1060 1447; x_wconf 87' lang='lat' dir='ltr'>scriba</span> <span class='ocrx_word' id='word_1_147' title='bbox 1085 1421 1212 1455; x_wconf 90' lang='lat' dir='ltr'>meus,</span> <span class='ocrx_word' id='word_1_148' title='bbox 1237 1408 1347 1447; x_wconf 60' lang='lat' dir='ltr'>adffl-</span> 
     </span>
     <span class='ocr_line' id='line_1_22' title="bbox 217 1461 1345 1515; baseline 0.002 -16"><span class='ocrx_word' id='word_1_149' title='bbox 217 1468 288 1509; x_wconf 89' lang='lat' dir='ltr'>set,</span> <span class='ocrx_word' id='word_1_150' title='bbox 308 1461 355 1500; x_wconf 90' lang='lat' dir='ltr'>de</span> <span class='ocrx_word' id='word_1_151' title='bbox 375 1475 453 1513; x_wconf 93' lang='lat' dir='ltr'>quo</span> <span class='ocrx_word' id='word_1_152' title='bbox 480 1462 579 1501; x_wconf 87' lang='lat' dir='ltr'>mihi</span> <span class='ocrx_word' id='word_1_153' title='bbox 598 1463 842 1515; x_wconf 83' lang='lat' dir='ltr'>exploratum</span> <span class='ocrx_word' id='word_1_154' title='bbox 861 1471 931 1512; x_wconf 90' lang='lat' dir='ltr'>est,</span> <span class='ocrx_word' id='word_1_155' title='bbox 954 1462 996 1500; x_wconf 90' lang='lat' dir='ltr'>in</span> <span class='ocrx_word' id='word_1_156' title='bbox 1014 1462 1227 1501; x_wconf 87' lang='lat' dir='ltr'>rationibus</span> <span class='ocrx_word' id='word_1_157' title='bbox 1244 1462 1345 1501; x_wconf 87' lang='lat' dir='ltr'>dun-</span> 
     </span>
     <span class='ocr_line' id='line_1_23' title="bbox 215 1516 1349 1569; baseline 0.002 -16"><span class='ocrx_word' id='word_1_158' title='bbox 215 1522 326 1554; x_wconf 83' lang='lat' dir='ltr'>taxat</span> <span class='ocrx_word' id='word_1_159' title='bbox 343 1516 562 1565; x_wconf 85' lang='lat' dir='ltr'>referendis,</span> <span class='ocrx_word' id='word_1_160' title='bbox 585 1517 652 1569; x_wconf 89' lang='lat' dir='ltr'>(de</span> <span class='ocrx_word' id='word_1_161' title='bbox 671 1518 814 1556; x_wconf 87' lang='lat' dir='ltr'>caeteris</span> <span class='ocrx_word' id='word_1_162' title='bbox 831 1519 946 1556; x_wconf 91' lang='lat' dir='ltr'>rebus</span> <span class='ocrx_word' id='word_1_163' title='bbox 957 1517 1148 1556; x_wconf 84' lang='lat' dir='ltr'>affirmare</span> <span class='ocrx_word' id='word_1_164' title='bbox 1161 1529 1240 1555; x_wconf 91' lang='lat' dir='ltr'>non</span> <span class='ocrx_word' id='word_1_165' title='bbox 1259 1529 1349 1568; x_wconf 87' lang='lat' dir='ltr'>pos·</span> 
     </span>
     <span class='ocr_line' id='line_1_24' title="bbox 217 1571 1348 1624; baseline 0.003 -17"><span class='ocrx_word' id='word_1_166' title='bbox 217 1578 324 1618; x_wconf 88' lang='lat' dir='ltr'>sum)</span> <span class='ocrx_word' id='word_1_167' title='bbox 343 1571 442 1608; x_wconf 92' lang='lat' dir='ltr'>nihil</span> <span class='ocrx_word' id='word_1_168' title='bbox 468 1584 558 1609; x_wconf 90' lang='lat' dir='ltr'>eum</span> <span class='ocrx_word' id='word_1_169' title='bbox 585 1571 717 1610; x_wconf 88' lang='lat' dir='ltr'>fecisse</span> <span class='ocrx_word' id='word_1_170' title='bbox 745 1572 940 1620; x_wconf 73' lang='lat' dir='ltr'>scientem,</span> <span class='ocrx_word' id='word_1_171' title='bbox 962 1571 1068 1624; x_wconf 85' lang='lat' dir='ltr'>quod</span> <span class='ocrx_word' id='word_1_172' title='bbox 1095 1580 1191 1610; x_wconf 67' lang='lat' dir='ltr'>oeset</span> <span class='ocrx_word' id='word_1_173' title='bbox 1217 1579 1348 1610; x_wconf 83' lang='lat' dir='ltr'>contra</span> 
     </span>
     <span class='ocr_line' id='line_1_25' title="bbox 216 1625 1346 1674; baseline 0.002 -12"><span class='ocrx_word' id='word_1_174' title='bbox 216 1632 286 1662; x_wconf 86' lang='lat' dir='ltr'>aut</span> <span class='ocrx_word' id='word_1_175' title='bbox 303 1638 384 1663; x_wconf 89' lang='lat' dir='ltr'>rem</span> <span class='ocrx_word' id='word_1_176' title='bbox 404 1633 472 1663; x_wconf 85' lang='lat' dir='ltr'>aut</span> <span class='ocrx_word' id='word_1_177' title='bbox 491 1626 812 1665; x_wconf 83' lang='lat' dir='ltr'>existimationem</span> <span class='ocrx_word' id='word_1_178' title='bbox 824 1635 934 1665; x_wconf 88' lang='lat' dir='ltr'>tuam</span> <span class='ocrx_word' id='word_1_179' title='bbox 949 1641 959 1665; x_wconf 89' lang='lat'><strong>:</strong></span> <span class='ocrx_word' id='word_1_180' title='bbox 981 1626 1086 1674; x_wconf 85' lang='lat' dir='ltr'>dein,</span> <span class='ocrx_word' id='word_1_181' title='bbox 1102 1625 1134 1665; x_wconf 88' lang='lat' dir='ltr'>si</span> <span class='ocrx_word' id='word_1_182' title='bbox 1152 1625 1346 1664; x_wconf 82' lang='lat' dir='ltr'>rationum</span> 
     </span>
     <span class='ocr_line' id='line_1_26' title="bbox 214 1678 1346 1733; baseline 0.002 -17"><span class='ocrx_word' id='word_1_183' title='bbox 214 1678 501 1718; x_wconf 83' lang='lat' dir='ltr'>referendarum</span> <span class='ocrx_word' id='word_1_184' title='bbox 535 1681 599 1730; x_wconf 91' lang='lat' dir='ltr'>jus</span> <span class='ocrx_word' id='word_1_185' title='bbox 629 1688 737 1720; x_wconf 84' lang='lat' dir='ltr'>vetus</span> <span class='ocrx_word' id='word_1_186' title='bbox 761 1689 798 1719; x_wconf 86' lang='lat' dir='ltr'>et</span> <span class='ocrx_word' id='word_1_187' title='bbox 828 1694 912 1720; x_wconf 89' lang='lat' dir='ltr'>mos</span> <span class='ocrx_word' id='word_1_188' title='bbox 942 1681 1125 1733; x_wconf 83' lang='lat' dir='ltr'>antiquus</span> <span class='ocrx_word' id='word_1_189' title='bbox 1156 1689 1346 1728; x_wconf 85' lang='lat' dir='ltr'>maneret,</span> 
     </span>
     <span class='ocr_line' id='line_1_27' title="bbox 214 1734 1348 1788; baseline 0.001 -17"><span class='ocrx_word' id='word_1_190' title='bbox 214 1744 279 1771; x_wconf 88' lang='lat' dir='ltr'>me</span> <span class='ocrx_word' id='word_1_191' title='bbox 304 1734 516 1772; x_wconf 87' lang='lat' dir='ltr'>relaturum</span> <span class='ocrx_word' id='word_1_192' title='bbox 536 1735 714 1785; x_wconf 81' lang='lat' dir='ltr'>rationes,</span> <span class='ocrx_word' id='word_1_193' title='bbox 736 1735 810 1774; x_wconf 88' lang='lat' dir='ltr'>nisi</span> <span class='ocrx_word' id='word_1_194' title='bbox 834 1743 963 1774; x_wconf 85' lang='lat' dir='ltr'>tecum</span> <span class='ocrx_word' id='word_1_195' title='bbox 991 1748 1062 1788; x_wconf 91' lang='lat' dir='ltr'>pro</span> <span class='ocrx_word' id='word_1_196' title='bbox 1081 1734 1348 1785; x_wconf 89' lang='lat' dir='ltr'>conjunctione</span> 
     </span>
     <span class='ocr_line' id='line_1_28' title="bbox 217 1789 1346 1841; baseline 0.002 -16"><span class='ocrx_word' id='word_1_197' title='bbox 217 1794 357 1826; x_wconf 87' lang='lat' dir='ltr'>nostrae</span> <span class='ocrx_word' id='word_1_198' title='bbox 400 1789 690 1828; x_wconf 87' lang='lat' dir='ltr'>necessitudinis</span> <span class='ocrx_word' id='word_1_199' title='bbox 726 1790 973 1829; x_wconf 83' lang='lat' dir='ltr'>contulissem</span> <span class='ocrx_word' id='word_1_200' title='bbox 1009 1789 1346 1841; x_wconf 85' lang='lat' dir='ltr'>confecissemque,</span> 
     </span>
     <span class='ocr_line' id='line_1_29' title="bbox 215 1842 442 1881; baseline -0.004 -1"><span class='ocrx_word' id='word_1_201' title='bbox 215 1853 295 1880; x_wconf 89' lang='lat' dir='ltr'>non</span> <span class='ocrx_word' id='word_1_202' title='bbox 312 1842 442 1881; x_wconf 88' lang='lat' dir='ltr'>fuisse.</span> 
     </span>
    </p>

    <p class='ocr_par' dir='ltr' id='par_1_8' title="bbox 211 1896 1347 2222">
     <span class='ocr_line' id='line_1_30' title="bbox 271 1896 1347 1948; baseline 0.002 -14"><span class='ocrx_word' id='word_1_203' title='bbox 271 1896 391 1944; x_wconf 85' lang='lat' dir='ltr'>Quod</span> <span class='ocrx_word' id='word_1_204' title='bbox 423 1896 541 1948; x_wconf 87' lang='lat' dir='ltr'>igitur</span> <span class='ocrx_word' id='word_1_205' title='bbox 572 1897 744 1937; x_wconf 86' lang='lat' dir='ltr'>fecissem</span> <span class='ocrx_word' id='word_1_206' title='bbox 774 1898 824 1937; x_wconf 87' lang='lat' dir='ltr'>ad</span> <span class='ocrx_word' id='word_1_207' title='bbox 853 1899 1018 1946; x_wconf 91' lang='lat' dir='ltr'>Urbem,</span> <span class='ocrx_word' id='word_1_208' title='bbox 1057 1898 1089 1937; x_wconf 87' lang='lat' dir='ltr'>si</span> <span class='ocrx_word' id='word_1_209' title='bbox 1111 1897 1347 1937; x_wconf 86' lang='lat' dir='ltr'>consuetudo</span> 
     </span>
     <span class='ocr_line' id='line_1_31' title="bbox 215 1949 1346 2005; baseline 0.003 -17"><span class='ocrx_word' id='word_1_210' title='bbox 215 1949 377 2002; x_wconf 83' lang='lat' dir='ltr'>pristina</span> <span class='ocrx_word' id='word_1_211' title='bbox 395 1959 581 2000; x_wconf 88' lang='lat' dir='ltr'>maneret,</span> <span class='ocrx_word' id='word_1_212' title='bbox 610 1952 664 2001; x_wconf 91' lang='lat' dir='ltr'>id,</span> <span class='ocrx_word' id='word_1_213' title='bbox 694 1965 783 1991; x_wconf 89' lang='lat' dir='ltr'>cum</span> <span class='ocrx_word' id='word_1_214' title='bbox 810 1954 896 2005; x_wconf 80' lang='lat' dir='ltr'>lege</span> <span class='ocrx_word' id='word_1_215' title='bbox 913 1953 1028 1992; x_wconf 78' lang='lat' dir='ltr'>Julia</span> <span class='ocrx_word' id='word_1_216' title='bbox 1051 1953 1266 2005; x_wconf 87' lang='lat' dir='ltr'>relinquere</span> <span class='ocrx_word' id='word_1_217' title='bbox 1283 1965 1346 1991; x_wconf 86' lang='lat' dir='ltr'>ra-</span> 
     </span>
     <span class='ocr_line' id='line_1_32' title="bbox 214 2005 1345 2073; baseline 0.001 -30"><span class='ocrx_word' id='word_1_218' title='bbox 214 2005 336 2044; x_wconf 85' lang='lat' dir='ltr'>tiones</span> <span class='ocrx_word' id='word_1_219' title='bbox 354 2005 394 2043; x_wconf 89' lang='lat' dir='ltr'>in</span> <span class='ocrx_word' id='word_1_220' title='bbox 414 2006 609 2057; x_wconf 87' lang='lat' dir='ltr'>provincia</span> <span class='ocrx_word' id='word_1_221' title='bbox 627 2019 779 2046; x_wconf 87' lang='lat' dir='ltr'>necesse</span> <span class='ocrx_word' id='word_1_222' title='bbox 806 2014 900 2056; x_wconf 84' lang='lat' dir='ltr'>erat,</span> <span class='ocrx_word' id='word_1_223' title='bbox 931 2007 1162 2073; x_wconf 48' lang='lat' dir='ltr'>easdemque</span> <span class='ocrx_word' id='word_1_224' title='bbox 1184 2006 1345 2045; x_wconf 88' lang='lat' dir='ltr'>totidem</span> 
     </span>
     <span class='ocr_line' id='line_1_33' title="bbox 214 2060 1345 2115; baseline 0.002 -18"><span class='ocrx_word' id='word_1_225' title='bbox 214 2060 341 2098; x_wconf 89' lang='lat' dir='ltr'>verbis</span> <span class='ocrx_word' id='word_1_226' title='bbox 359 2061 499 2099; x_wconf 88' lang='lat' dir='ltr'>referre</span> <span class='ocrx_word' id='word_1_227' title='bbox 523 2061 573 2099; x_wconf 87' lang='lat' dir='ltr'>ad</span> <span class='ocrx_word' id='word_1_228' title='bbox 592 2061 784 2111; x_wconf 81' lang='lat' dir='ltr'>aerarium,</span> <span class='ocrx_word' id='word_1_229' title='bbox 804 2062 906 2101; x_wconf 90' lang='lat' dir='ltr'>feci</span> <span class='ocrx_word' id='word_1_230' title='bbox 894 2074 935 2101; x_wconf 89' lang='lat' dir='ltr'>m</span> <span class='ocrx_word' id='word_1_231' title='bbox 953 2061 1163 2115; x_wconf 82' lang='lat' dir='ltr'>provincia.</span> <span class='ocrx_word' id='word_1_232' title='bbox 1203 2061 1345 2113; x_wconf 84' lang='lat' dir='ltr'>Neque</span> 
     </span>
     <span class='ocr_line' id='line_1_34' title="bbox 212 2113 1342 2161; baseline 0.002 -10"><span class='ocrx_word' id='word_1_233' title='bbox 212 2113 268 2152; x_wconf 81' lang='lat' dir='ltr'>ita</span> <span class='ocrx_word' id='word_1_234' title='bbox 285 2113 371 2161; x_wconf 88' lang='lat' dir='ltr'>feci,</span> <span class='ocrx_word' id='word_1_235' title='bbox 391 2123 436 2154; x_wconf 90' lang='lat' dir='ltr'>ut</span> <span class='ocrx_word' id='word_1_236' title='bbox 460 2122 498 2153; x_wconf 89' lang='lat' dir='ltr'>te</span> <span class='ocrx_word' id='word_1_237' title='bbox 524 2115 574 2154; x_wconf 84' lang='lat' dir='ltr'>ad</span> <span class='ocrx_word' id='word_1_238' title='bbox 599 2128 733 2154; x_wconf 91' lang='lat' dir='ltr'>meum</span> <span class='ocrx_word' id='word_1_239' title='bbox 759 2116 963 2155; x_wconf 89' lang='lat' dir='ltr'>arbitrium</span> <span class='ocrx_word' id='word_1_240' title='bbox 991 2116 1246 2155; x_wconf 81' lang='lat' dir='ltr'>adducerem:</span> <span class='ocrx_word' id='word_1_241' title='bbox 1276 2114 1342 2153; x_wconf 84' lang='lat' dir='ltr'>scd</span> 
     </span>
     <span class='ocr_line' id='line_1_35' title="bbox 211 2167 1340 2222; baseline 0.001 -16"><span class='ocrx_word' id='word_1_242' title='bbox 211 2167 330 2207; x_wconf 85' lang='lat' dir='ltr'>tribui</span> <span class='ocrx_word' id='word_1_243' title='bbox 355 2169 425 2208; x_wconf 88' lang='lat' dir='ltr'>tibi</span> <span class='ocrx_word' id='word_1_244' title='bbox 444 2176 611 2217; x_wconf 80' lang='lat' dir='ltr'>tantum,</span> <span class='ocrx_word' id='word_1_245' title='bbox 633 2177 822 2222; x_wconf 88' lang='lat' dir='ltr'>quantum</span> <span class='ocrx_word' id='word_1_246' title='bbox 841 2183 906 2210; x_wconf 91' lang='lat' dir='ltr'>me</span> <span class='ocrx_word' id='word_1_247' title='bbox 926 2171 1117 2219; x_wconf 75' lang='lat' dir='ltr'>tribuisse,</span> <span class='ocrx_word' id='word_1_248' title='bbox 1138 2181 1340 2221; x_wconf 85' lang='lat' dir='ltr'>nunquam</span> 
     </span>
    </p>
   </div>
  </div>
 </body>
</html>
