1501 2407
373 88 468 128 -AD
498 87 795 128 DIVERSOS.
826 87 926 126 Lm.
956 85 1032 126 VI.
1063 86 1101 131 7.
1227 87 1303 125 163

183 203 262 237 toto
279 209 434 249 corpore
452 196 712 246 contremisco,
732 208 810 235 non
828 209 950 248 poenae
967 201 1089 242 metu,
1110 193 1177 233 sed
1195 193 1302 234 illius

179 250 326 301 judicii.
351 251 500 290 Totum
519 250 622 289 enim
643 251 832 290 Caesarem
850 263 928 289 non
947 250 1047 288 novi.
1077 249 1209 297 Quem
1227 262 1300 300 pu-

183 312 242 343 tas
259 305 433 343 animum
452 318 546 352 esse,
565 304 635 343 ubi
654 318 781 344 secum
794 303 994 356 loquitur?
1012 304 1084 342 hoc
1097 303 1299 355 probabit?

182 358 255 397 hoc
272 361 432 398 verbum
450 359 700 411 suspiciosum
718 367 797 398 est:
828 359 937 411 quid,
958 358 990 396 si
1007 358 1080 396 hoc
1096 364 1207 395 muto
1223 359 1241 395 ἓ
1261 365 1302 396 at

183 425 326 461 vereor,
346 426 394 451 ne
412 414 523 465 pejus
541 412 601 451 sit.
630 414 720 464 Age
734 426 835 462 vero,
854 412 970 451 laudo
989 413 1181 464 aliquem:
1202 424 1300 449 num

182 466 364 506 offendo?
393 480 483 505 cum
511 480 623 518 porro
652 467 857 515 offendam,
889 466 997 518 quid,
1029 466 1061 505 si
1083 477 1160 503 non
1183 466 1267 503 vult
1280 468 1298 504 Ρ

182 520 340 559 Armati
359 521 490 559 stilum
507 522 770 574 persequitur:
802 521 891 560 victi
905 529 942 559 et
953 520 1126 559 nondum
1137 519 1303 557 restituti

181 574 277 627 quid
293 575 406 613 faciet
419 577 437 614 Ρ

237 629 373 680 Auges
391 628 506 668 etiam
526 637 569 668 tu
581 629 680 668 mihi
694 630 883 678 timorem,
905 630 986 682 qui,
1006 629 1046 667 in
1068 630 1096 652 ‘⁶
1111 628 1301 668 Oratore”

184 690 266 745 tuo,
285 696 393 722 caves
410 683 481 722 tibi
498 697 565 735 per
583 685 769 733 Brutum,
790 692 840 732 et,
861 685 911 723 ad
929 683 1226 730 excusationem,
1242 695 1301 720 so-

184 737 288 776 cium
307 737 456 788 quaeris.
486 738 568 777 Ubi
584 739 656 777 hoc
680 739 855 777 omnium
873 746 1056 791 patronus
1074 738 1179 785 facis,
1207 736 1303 788 quid.

186 803 264 839 me,
276 800 441 830 veterem
461 799 587 838 tuum,
602 805 705 831 nunc
723 793 897 831 omnium
913 793 1103 840 clientem,
1122 790 1301 842 [sentire]

187 848 365 898 oportet?
395 846 446 884 In
464 846 557 884 hac'
547 846 665 897 lgitur
678 847 872 885 calumnia
889 847 1050 895 timoris,
1066 854 1103 884 et
1114 858 1221 884 caecae
1240 859 1304 883 su-

187 899 363 951 spicionis
381 906 582 949 tormento,
598 913 687 939 cum
705 902 874 953 plurima
887 901 936 939 ad
950 900 1064 939 alieni
1075 913 1204 938 sensus
1215 911 1304 937 con-

184 955 388 1004 jecturam,
408 966 485 992 non
504 955 553 993 ad
571 967 687 993 suum
702 955 907 1005 judicium,
937 956 1163 1001 scribantur,
1184 965 1303 1005 quam

187 1008 341 1047 difficile
359 1007 407 1046 sit
425 1008 594 1057 evadere,
616 1010 648 1047 si
664 1010 793 1047 minus
812 1017 989 1061 expertus
1009 1022 1062 1056 es,
1083 1008 1187 1060 quod
1203 1015 1241 1046 te
1255 1007 1305 1045 ad

185 1063 317 1101 omnia
333 1075 531 1101 summum
550 1071 665 1115 atque
689 1064 875 1102 excellens
900 1063 1098 1115 ingenium
1128 1062 1305 1109 armavit,

187 1128 256 1155 nos
274 1117 471 1156 sentimus.
501 1117 577 1155 Sed
599 1125 730 1156 tamen
755 1131 824 1169 ego
851 1118 930 1155 filio
948 1117 1134 1164 dixeram,
1160 1116 1306 1154 librum

188 1170 261 1210 tibi
285 1171 426 1222 legeret
453 1177 490 1209 et
508 1171 695 1218 auferret3
726 1180 794 1210 aut
821 1186 866 1210 ea
884 1171 1097 1210 conditione
1123 1170 1244 1217 daret,
1271 1170 1305 1208 si

186 1224 370 1276 reciperes
402 1232 440 1263 te
471 1232 752 1273 correcturum3
781 1227 854 1265 hcc
876 1234 946 1275 est,
969 1226 1000 1264 si
1032 1233 1157 1264 totum
1183 1225 1304 1263 alium

186 1278 338 1318 faceres.

240 1332 304 1372 De
322 1333 492 1372 Asiatico
509 1334 656 1383 itinere,
678 1348 915 1388 quamquam
935 1347 1088 1374 summa
1104 1333 1307 1373 necessitas

187 1389 398 1439 premebat,
418 1396 462 1426 ut
480 1389 690 1441 imperasti,
713 1389 795 1428 feci.
836 1390 897 1429 Te
920 1402 990 1441 pro
1013 1402 1077 1428 me
1106 1388 1200 1440 quid
1217 1388 1307 1426 hor-

186 1441 273 1480 ter?
301 1441 406 1481 vides
433 1450 587 1495 tempus
605 1444 764 1492 venisse,
794 1457 871 1496 quo
895 1457 1043 1482 necesse
1061 1443 1110 1481 sit
1127 1442 1307 1481 de'nobis

186 1496 378 1535 constitui.
418 1497 531 1535 Nihil
550 1505 618 1547 est,
643 1497 700 1536 mi
719 1498 865 1546 Cicero,
897 1498 1001 1550 quod
1026 1498 1150 1536 filium
1173 1510 1307 1535 meum

187 1557 404 1602 exspectes·
420 1551 654 1590 Adolescens
668 1559 741 1591 est:
763 1553 892 1591 omnia
910 1552 1136 1603 excogitare,
1150 1551 1211 1590 vel
1225 1558 1307 1589 stu-

189 1603 268 1654 dio,
298 1605 360 1644 vel
382 1612 505 1654 aetate,
525 1607 586 1644 vel
604 1614 725 1654 metu,
751 1619 829 1645 non
847 1614 982 1658 potest.
1023 1606 1172 1644 Totum
1190 1618 1308 1656 nego-

190 1658 291 1696 tium
310 1665 353 1697 tu
371 1659 571 1708 sustineas,
588 1668 758 1712 oportet:
789 1661 828 1699 in
845 1669 882 1699 te
895 1660 993 1698 mihi
1007 1660 1131 1699 omnis
1144 1673 1227 1711 spes
1240 1666 1307 1697 est.

191 1712 273 1761 Tu,
285 1726 356 1764 pro
374 1713 442 1751 tua
460 1714 678 1765 prudentia,
691 1715 831 1766 quibus
845 1717 958 1754 rebus
976 1714 1154 1766 gaudeat,
1168 1714 1310 1765 quibus

190 1766 365 1818 capiatur
383 1768 523 1816 Caesar,
544 1776 673 1807 tenes:
705 1783 728 1807 a
751 1776 788 1807 te
806 1770 936 1808 omnia
954 1768 1252 1820 proficiscantur,
1274 1774 1312 1806 et

191 1833 262 1872 per
279 1828 317 1859 te
335 1821 384 1859 ad.
402 1821 549 1860 exitum
567 1823 839 1874 perducantur,
854 1836 1006 1862 necesse
1020 1829 1087 1860 est.
1115 1822 1240 1874 Apud
1250 1822 1312 1873 ip-

190 1887 279 1914 sum
301 1876 487 1924 multum,
520 1877 625 1928 apud
656 1878 738 1927 ejus
766 1890 899 1916 omnes
929 1876 1159 1929 plurimum,
1192 1884 1311 1928 potes.

184 1930 330 1968 -Unum
348 1930 418 1968 tibi
437 1930 469 1968 si
486 1931 727 1981 persuaseris,
756 1944 834 1970 non
860 1932 933 1971 hoc
951 1944 1032 1970 esse
1049 1932 1108 1969 tui
1125 1930 1312 1977 muneris,

191 1984 225 2022 si
243 1983 338 2035 quid
354 1991 509 2035 rogatus
526 1984 657 2034 fueris,
672 1992 718 2023 ut
734 1985 863 2034 facias,
880 1990 1136 2038 (quamquam
1149 1984 1190 2022 id
1203 1997 1315 2036 mag-

193 2050 289 2076 num
310 2044 347 2075 et
365 2039 540 2090 amplum
555 2046 626 2087 est)
646 2039 709 2078 sed
724 2047 850 2079 totum
864 2048 978 2079 tuum
992 2053 1071 2078 esse
1089 2051 1207 2084 onus;
1227 2052 1315 2090 per-

184 2092 324 2137 -ficies3
353 2092 427 2130 nisi
444 2092 540 2131 forte
557 2101 625 2131 aut
650 2094 690 2131 in
709 2094 863 2134 miseria
889 2094 1005 2132 nimis
1032 2094 1160 2141 stulte,
1189 2100 1255 2130 aut
1272 2093 1313 2130 in

183 2145 363 2184 amicitia
391 2147 506 2185 nimis
534 2147 791 2199 impudenter,
816 2149 887 2187 tibi
911 2161 1008 2188 onus
1030 2148 1199 2199 impono.
1240 2146 1316 2185 Sed

197 2200 350 2252 utrique
379 2201 434 2241 rei
456 2202 738 2242 excusationem
765 2211 840 2243 tuae
863 2204 950 2243 vitae
978 2202 1211 2243 consuetudo
1238 2201 1318 2240 dat.
