1501 2407
370 104 455 145 AD
482 103 782 145 DIVERSOS.
813 105 914 144 Lm.
945 105 1022 145 VI.
1056 107 1116 145 18.
1231 104 1306 151 175

427 212 536 265 (18.)
577 213 790 255 CICERO
820 214 1039 255 LEPTAE.

235 322 560 376 (Argumentum.
586 349 641 357 —
663 323 878 372 Quaestioni
905 325 1108 376 respondet
1138 337 1185 364 ex
1214 326 1299 376 lege

178 376 227 415 de
254 377 546 417 decurionibus:
590 378 696 417 addit
728 378 774 416 de
809 380 911 418 bello
945 379 1208 432 Hispaniensi,
1247 380 1295 418 de

180 431 317 482 Leptae
334 432 500 484 negotio,
524 432 572 471 de
600 435 629 455 ‘⁴
646 432 835 471 Oratore”
860 447 942 482 suo,
970 434 1018 473 de
1043 433 1231 481 Tulliola,
1259 440 1297 472 et

177 484 226 523 de
245 486 380 538 Leptae
394 486 557 537 junioris
575 486 710 525 studiis
729 487 930 527 consilium
948 501 992 527 ac
1009 486 1277 541 praeceptum.)

233 594 361 634 Simul
379 596 506 648 accepi
524 610 547 634 a
566 596 723 635 Seleuco
742 604 809 634 tuo
827 597 969 645 literas,
990 596 1119 635 statim
1138 596 1297 649 quaesivi

180 662 201 687 e
220 649 347 688 Balbo
364 664 433 703 per
447 650 650 699 codicillos,
667 650 762 702 quid
775 659 870 689 esset
882 652 922 688 in
933 651 1028 702 lege.
1058 650 1267 702 Rescripsit
1283 664 1294 688 ε

178 703 273 751 Eos,
305 704 373 756 qui
401 704 567 743 facerent
590 705 838 756 praeconium,
868 706 987 744 vetari
1012 718 1091 743 esse
1112 706 1153 743 in
1183 705 1298 743 decu-

178 758 374 805 rionibus;
404 759 473 810 qui
490 759 678 806 fecissent,
691 771 768 797 non
782 759 912 798 vetari.
946 759 1078 808 Quare
1095 760 1196 797 bono
1215 758 1298 796 ani-

174 820 244 850 'mo
273 812 348 851 sint
370 820 408 851 et
429 813 487 851 tui
512 820 549 851 et
572 813 650 851 mei
678 812 895 853 familiares.
924 813 1066 865 Neque
1088 814 1190 851 enim
1217 824 1297 851 erat

177 866 394 915 ferendum,
425 880 529 915 cum,
561 867 629 919 qui
659 866 773 909 hodie
800 867 1084 919 haruspicinam
1113 867 1293 916 facerent,

176 920 219 958 in
238 928 371 959 senatu
392 923 529 960 Romae
541 921 771 972 legerentur,
792 934 867 968 eos,
888 922 957 973 qui
975 921 1180 972 aliquando
1198 934 1296 973 prae-

176 975 332 1013 conium
350 975 539 1025 fecissent,
565 975 607 1013 in
629 975 847 1027 municipiis
873 976 1092 1015 decuriones
1117 980 1296 1014 essenon

175 1030 300 1068 licere.

231 1084 296 1122 De
314 1083 514 1135 Hispaniis
539 1083 629 1122 novi
653 1084 761 1122 nihil.
790 1083 985 1135 Magnum
1004 1091 1134 1122 tamen
1154 1083 1295 1122 exerci-

177 1146 264 1177 tum
297 1137 529 1189 Pompeium
556 1138 696 1183 habere
725 1145 881 1177 constat.
922 1139 1029 1176 Nam
1060 1138 1188 1176 Caesar
1216 1137 1297 1189 ipse

178 1193 228 1232 ad
258 1205 327 1231 nos
354 1192 461 1230 misit
486 1192 709 1243 exemplum
739 1192 1134 1239 Paciaeci·literarum‚
1155 1192 1196 1229 in
1219 1205 1297 1243 quo

179 1254 272 1295 erat,
295 1246 436 1298 [ipsas]
457 1246 636 1284 undecim
656 1259 734 1284 esse
751 1246 930 1296 legiones.
961 1247 1168 1298 Scripserat
1179 1246 1295 1284 etiam

179 1301 350 1340 Messala
368 1300 420 1348 Q.
443 1301 605 1348 Salasso,
627 1301 673 1339 P.
694 1300 874 1339 Curtium
892 1301 1049 1338 fratrem
1069 1301 1166 1350 ejus,
1183 1301 1294 1350 jussu

178 1355 371 1407 Pompeii,
409 1354 644 1405 inspectante
680 1355 862 1401 exercitu,
900 1355 1157 1401 interfectum,
1192 1354 1297 1405 quod

176 1409 423 1448 consensisset
453 1421 543 1447 cum
573 1409 759 1460 Hispanis
784 1408 1029 1461 quibusdam,
1057 1409 1088 1446 si
1116 1408 1157 1446 in
1187 1408 1297 1459 oppi-

175 1464 272 1502 dum
300 1463 424 1502 nescio
454 1462 558 1514 quod
587 1463 795 1514 Pompeius
818 1463 872 1501 rei
895 1462 1156 1500 frumentariae
1181 1463 1298 1501 causa

175 1519 353 1569 venisset,
383 1530 474 1560 eum
503 1517 835 1569 comprehendere,
861 1517 912 1556 ad
934 1516 1201 1569 Caesaremque
1230 1515 1297 1555 de-

177 1572 328 1611 ducere.

231 1627 295 1665 De
319 1626 472 1678 negotio
497 1634 578 1674 tuo,
605 1626 709 1678 quod
738 1638 895 1678 sponsor
923 1638 962 1663 es
986 1638 1056 1677 pro
1080 1625 1267 1677 Pompeio

178 1681 211 1720 si
230 1682 357 1720 Galba
385 1693 614 1732 consponsor
631 1688 722 1719 tuus
741 1679 893 1719 redierit
914 1680 1049 1732 (homo
1066 1680 1107 1718 in
1126 1693 1166 1718 re
1185 1679 1300 1717 fami-

176 1735 263 1774 liari
281 1748 358 1773 non
369 1748 510 1787 parum
522 1735 717 1786 diligens),
736 1747 813 1773 non
826 1734 997 1772 desinam
1013 1747 1101 1772 cum
1116 1734 1183 1772 fflo
1195 1746 1300 1772 com-

175 1790 388 1838 municare,
419 1790 451 1828 si
476 1789 571 1840 quid
599 1789 771 1841 expediri
793 1788 939 1841 possit3
969 1789 1073 1840 quod
1101 1787 1302 1828 videbatur

175 1844 275 1882 mihi
292 1843 358 1882 ille
377 1844 575 1882 confidere.
613 1892 615 1894 q

234 1901 263 1921 ‘⁴
284 1897 516 1936 Oratorem''
535 1910 668 1936 meum
692 1904 889 1949 tantopere
919 1910 942 1935 a
959 1904 997 1935 te
1015 1895 1168 1948 probari
1186 1896 1302 1934 vehe-

178 1959 327 1992 menter
355 1952 515 2003 gaudeo.
556 1951 663 2001 Mihi
694 1951 853 2004 quidem
883 1951 935 1989 sic
966 1950 1192 2003 persuadeo,
1222 1963 1301 1997 me,

182 2006 373 2059 quidquid
389 2006 591 2045 habuerim
617 2006 752 2056 judicii
776 2005 824 2044 de
846 2005 1021 2054 dicendo,
1047 2005 1088 2043 in
1110 2005 1223 2042 illum
1253 2004 1302 2041 li-

180 2064 298 2100 brum
317 2061 530 2099 contulisse.
560 2060 643 2108 Qui
661 2061 693 2098 si
722 2067 777 2099 est
796 2059 896 2108 talis,
917 2060 1074 2112 qualem
1093 2058 1165 2096 tibi
1183 2057 1304 2095 videri

182 2115 328 2164 scribis,
363 2127 434 2167 ego
465 2128 620 2166 quoque
650 2113 798 2166 aliquid
827 2127 939 2152 sum:
978 2114 1037 2152 sin
1069 2113 1192 2159 aliter,
1226 2123 1306 2149 non

182 2181 328 2217 recus0,
348 2169 458 2221 quin,
478 2176 671 2221 quantum
695 2169 744 2207 de
771 2168 839 2207 illo
855 2168 970 2216 libro,
996 2165 1240 2206 tantumdem
1257 2165 1308 2204 de

183 2223 261 2263 mei
287 2223 422 2274 judicii
441 2223 562 2272 fama,
582 2223 816 2263 detrahatur.
848 2222 1014 2275 Leptam
1045 2228 1218 2260 nostrum
1242 2232 1310 2258 eu-
