1481 2422
309 80 393 119 AD
421 81 722 122 DIVERSOS.
754 82 857 121 Lm.
889 83 966 122 IX.
1002 83 1065 121 15-
1174 82 1257 121 261v

129 186 201 225 tibi
215 187 313 237 jam,
333 190 449 229 tantis
466 192 580 229 rebus
610 191 741 242 gestis,
771 203 850 230 non
880 191 939 229 tui
964 191 1130 230 similem
1163 204 1255 230 esses

130 240 249 288 Quod
267 255 357 281 cum
375 244 430 282 ita
448 245 509 293 sit,
530 245 695 284 hortatio
713 258 790 284 non
808 254 866 284 est
883 246 1105 293 necessaria,
1125 254 1257 296 gratu·

128 295 271 334 latione
288 298 412 349 magis
430 299 620 337 utendum
639 307 706 338 est.
737 300 910 351 Contigit
929 300 1032 338 enim
1051 300 1135 346 tibi,
1152 299 1258 350 quod

127 348 234 387 haud
252 351 328 389 scio
342 365 391 390 an
410 353 570 402 nemini,
583 361 628 391 ut
641 367 796 392 summa
814 355 992 392 severitas
1012 353 1256 391 animadver-

126 403 256 452 sionis,
273 418 351 444 non
370 408 486 445 modo
506 420 583 446 non
602 408 803 456 invidiosa,
835 408 901 446 sed
920 409 1037 446 etiam
1055 407 1257 459 popularis

127 465 238 506 esset,
269 468 307 497 et
324 473 415 499 cum
445 462 555 500 bonis
587 463 782 510 omnibus,
818 470 904 500 tum
937 462 1072 500 infimo
1103 462 1256 513 cuique,

127 514 357 563 graussima.

183 566 273 606 Hoc
287 569 319 607 si
337 569 408 608 tibi
426 569 582 608 fortuna
601 569 770 621 quidam
790 569 1024 621 contigisset,
1046 569 1258 621 gratularer

128 619 300 660 felicitati
313 631 416 662 tuae:
448 625 514 663 sed
533 625 692 676 contigit
706 625 988 676 magnitudine,
1011 637 1101 662 cum
1121 623 1257 670 animi,

129 681 215 712 tum
242 677 358 716 etiam
376 679 523 730 ingenii
553 686 669 730 atque
699 679 858 717 consilii.
902 679 1002 729 Legi
1033 678 1136 716 enim
1171 690 1260 716 con-

127 729 276 768 cionem
306 739 440 770 tuam:
470 733 570 770 nihil
588 734 657 771 illa
678 733 898 785 sapientius.
941 733 1005 770 lta
1024 732 1260 784 pedetentisn

131 790 169 821 et
187 785 379 834 gradatim
407 794 492 825 tum
521 800 690 826 accessus
710 801 732 825 a
751 795 789 826 te
807 787 856 825 ad
876 799 1030 825 causam
1048 786 1153 833 facti,
1174 794 1261 823 tum

127 850 309 888 recessus,
325 848 370 878 ut
388 854 447 879 res
465 841 550 893 ipsa
567 841 831 880 maturitatem
850 841 921 880 tibi
932 839 1260 879 animadvertendi

127 892 306 944 omnium
325 908 503 934 concessu
524 895 643 934 daret.

182 947 377 988 Liberasti
401 950 520 1001 igitur
553 958 591 988 et
613 952 750 988 urbem
780 949 964 1001 periculo,
997 956 1034 986 et
1066 948 1261 987 civitatem

126 1009 259 1040 metu:
291 1015 417 1056 neque
437 1005 563 1042 solum
583 1005 632 1042 ad
651 1012 805 1056 tempus
819 1004 1034 1042 maximam
1053 1003 1262 1041 utilitatem

128 1056 306 1106 attulisti,
337 1058 404 1096 sed
435 1058 551 1096 etiam
570 1059 620 1096 ad
639 1059 863 1110 exemplum
892 1057 995 1096 facti.
1038 1056 1261 1107 Intelligere

127 1109 258 1159 debes,
279 1111 320 1150 in
341 1119 380 1150 te
408 1112 574 1164 positam
594 1126 673 1151 esse
691 1112 986 1164 rempublicam,
1014 1111 1163 1163 tibique
1181 1123 1261 1149 non

126 1165 244 1203 modo
263 1166 439 1214 tuendos,
467 1166 534 1205 sed
561 1167 678 1205 etiam
697 1167 901 1213 ornandos,
925 1179 1004 1204 esse
1031 1165 1118 1203 illos
1145 1165 1261 1212 viros,

127 1231 151 1256 a
170 1219 312 1270 quibus
330 1221 486 1259 initium
499 1221 686 1259 libertatis
705 1221 922 1273 profectum
942 1228 1009 1258 est.
1040 1219 1116 1258 Sed
1134 1219 1194 1257 his
1214 1219 1262 1257 de

127 1275 240 1311 rebus
259 1276 517 1327 coramplura
534 1276 773 1326 propediem,
786 1283 832 1313 ut
851 1287 974 1326 spero.
1007 1274 1088 1323 Tu,
1106 1273 1262 1325 quando

127 1329 408 1379 rempublicam
427 1342 574 1381 nosque
594 1342 807 1376 conservas,
828 1329 888 1367 fac
907 1337 952 1366 ut
971 1327 1264 1380 diligentissime

128 1389 166 1420 te
183 1382 329 1435 ipsum,
351 1383 407 1422 mi
426 1383 648 1433 Dolabella,
670 1383 872 1423 custodias.
902 1383 1017 1423 Vale.

378 1549 496 1602 (15.)
529 1549 743 1590 menno
774 1548 946 1589 PAETO
976 1549 1017 1588 s.

200 1658 532 1710 (Argumentum.
559 1682 614 1689 —
637 1661 803 1699 Duabus
834 1657 1004 1710 epistolis
1042 1654 1263 1707 respondet,

128 1711 261 1764 priori,
275 1715 323 1753 de
346 1715 580 1762 valetudine,
602 1722 640 1754 et
657 1715 762 1753 illius
781 1715 822 1751 in
842 1726 881 1751 se
900 1724 1043 1759 amore,
1065 1724 1109 1749 ac
1123 1711 1265 1760 jucun·

128 1767 272 1806 ditate:
316 1770 440 1817 alteri,
475 1770 573 1807 nihil
603 1770 755 1816 referre,
794 1775 928 1806 utrum
961 1766 1102 1804 Romae
1130 1764 1178 1802 sit
1214 1774 1264 1800 an

131 1822 314 1873 Neapoli,
341 1837 432 1862 cum
463 1824 603 1862 Romae
630 1824 748 1861 unius
777 1830 875 1860 nutu
907 1827 1089 1871 regantur
1121 1817 1266 1856 omnia.

129 1876 279 1927 Scripta
300 1879 413 1929 paulo
433 1885 522 1915 ante
541 1891 661 1929 quam
681 1878 810 1916 Caesar
836 1876 885 1914 ad
906 1874 1162 1926 Hispaniense
1180 1871 1263 1910 bel-

127 1930 213 1968 lum
232 1931 386 1981 exiret.)

185 2039 353 2078 Duabus
371 2041 448 2078 tuis
469 2040 638 2092 epistolis
657 2039 921 2091 respondebo;
951 2036 1035 2084 uni,
1056 2047 1178 2087 quam
1199 2034 1267 2071 tri-

131 2093 209 2131 duo
228 2102 317 2133 ante
331 2108 552 2146 acceperam
572 2108 594 2132 a
614 2094 737 2132 Zetho
754 2107 765 2137 ς
796 2092 920 2141 alteri,
954 2103 1072 2142 quam
1087 2090 1268 2127 attulerat

134 2147 309 2187 Phileros
330 2149 563 2187 tabellarius.
606 2149 672 2186 Ex
705 2147 896 2199 prioribus
916 2145 992 2183 tuis
1011 2144 1131 2182 literis
1153 2143 1267 2180 intel-

130 2201 222 2246 lexi,
249 2210 467 2254 pergratam
484 2203 553 2241 tibi
583 2201 681 2251 [esse
694 2215 845 2255 ‘euram
876 2213 1003 2239 meam
1029 2198 1263 2236 valetudinis
