1501 2407
187 101 214 138 8
419 99 502 138 AD
530 97 828 139 DIVERSOS.
857 99 959 138 Lm.
980 99 1015 137 Ι.
1044 99 1083 138 6.

247 207 504 260 Posteaquam
524 207 732 260 Pompeius
756 207 861 259 apud
878 208 1069 260 populum
1086 220 1122 246 a.
1138 207 1177 246 d.
1197 205 1310 246 VIII

189 261 286 300 Idus
306 262 419 300 F.ebr
446 275 536 301 cum
554 275 640 323 pro·
642 261 793 300 Milone
819 262 972 311 diceret,
999 262 1164 300 clamore
1182 260 1312 300 convi-

191 316 326 367 cioque
340 317 504 377 jactatus
519 323 599 362 est;
629 315 670 353 in
689 323 901 368 senatuque
919 329 942 354 a
960 316 1106 355 Catone
1124 328 1255 368 aspere
1273 321 1313 352 et

189 371 322 408 acerbe
341 370 522 418 nimium,
534 382 676 421 magno
688 370 866 418 silentio;
887 377 943 408 est
961 377 1187 417 accusatus,
1207 369 1312 408 visus

191 431 247 462 ωε
265 423 363 461 mihi
380 424 622 463 vehementer
647 437 725 462 esse
743 400 998 476 pertrui-batus.
1029 423 1167 476 Itaque
1185 423 1313 462 Alex-

187 477 350 515 andrina
378 491 504 526 causa,
530 491 617 530 quae
642 478 750 517 nobis
779 478 904 516 adhuc
925 479 1074 530 integra
1101 485 1171 527 est,
1199 476 1314 522 (nihil

190 531 294 570 enim
312 532 382 569 tibi
400 532 565 571 detraxit
583 539 748 580 senatus,
769 532 842 571 nisi
859 532 913 581 id,
935 533 1039 584 quod
1052 546 1120 584 per
1139 531 1315 571 eamdem

190 585 413 636 relig-ionem
432 586 514 625 dari
526 587 634 625 alteri
645 599 723 625 non
735 593 875 639 potest)
891 586 1040 625 videtur
1055 588 1103 625 ab
1121 586 1189 624 illo
1200 586 1316 638 plane

191 652 270 678 esse
281 639 463 691 deposita.
494 642 612 679 Nunc
625 640 666 678 id
684 653 896 692 speramus,
912 640 1029 692 idque
1046 641 1245 688 molimur,
1254 645 1313 687 ut,

191 706 280 732 cum
292 707 361 732 rex
378 694 581 746 intelligat,
602 708 681 734 sese
694 695 749 742 id,
766 695 871 747 quod
885 695 1085 746 cogitabat,
1101 703 1147 733 ut
1160 708 1184 733 a
1195 695 1317 732 Pom-

191 748 277 799 peio
295 748 511 799 reducatur,
527 749 679 800 assequi
697 762 775 788 non
799 762 932 800 posse3
964 756 1014 798 et,
1035 749 1111 788 nisi
1128 762 1197 801 per
1209 756 1247 787 te
1265 747 1316 785 sit

188 802 402 851 restitutus,
419 803 613 842 desertum
627 816 666 842 se
679 810 794 855 atque
810 804 1003 852 abjectum
1021 803 1127 850 fore3
1147 801 1319 854 proficis-

193 864 301 894 catur
319 856 369 894 ad
396 866 444 895 te.
482 857 614 906 Quod,
642 858 723 896 sine
745 857 828 895 ulla
853 857 1105 906 dubitatione,
1133 857 1166 896 si
1196 857 1319 894 Pom-

192 909 300 960 peius
325 911 488 961 paulum
517 911 632 950 modo
662 910 868 949 ostenderit
896 911 969 949 sibi
996 912 1159 963 placere,
1190 910 1315 949 faciet.

193 964 269 1002 Sed
287 964 388 1002 nOsti
405 965 571 1003 hominis
589 965 808 1004 tarditatem
827 972 865 1003 et
888 965 1199 1004 taciturnitatem.
1229 965 1318 1003 Nos

192 1025 321 1056 tamen
336 1019 447 1066 nihil,
452 1019 565 1082 quod
579 1020 628 1057 ad
643 1033 727 1058 eam
742 1032 824 1058 rem
837 1020 1037 1080 pertineat,
1053 1019 1319 1072 praetermitte-

194 1075 292 1110 inus.
325 1072 408 1111 Caet
410 1073 481 1112 eris
499 1074 663 1123 injuriis,
684 1087 772 1125 quae
789 1074 993 1125 propositae
1011 1081 1102 1113 sunt
1118 1087 1142 1112 a
1153 1074 1314 1121 Catone,

194 1126 304 1165 facile
317 1129 378 1169 (ut
389 1134 515 1178 spero)
531 1128 762 1166 resistemus.
781 1128 971 1166 Amicum
985 1141 1034 1167 ex
1052 1128 1315 1167 consularibus

193 1181 388 1219 neminem
406 1181 478 1221 tibi
496 1195 575 1220 aese
593 1183 716 1229 video,
743 1189 880 1234 praeter
899 1182 1154 1220 Hortensium
1173 1189 1211 1220 et
1229 1182 1317 1220 Lu-

194 1235 369 1273 cullum:
399 1236 524 1274 caeteri
543 1244 633 1274 sunt
649 1236 791 1288 partim
809 1236 1033 1275 obscurius·
1022 1236 1160 1288 miqui,
1175 1236 1317 1288 partim

194 1301 271 1326 non
290 1289 573 1328 dissimulanter
598 1290 695 1329 irati.
726 1290 792 1328 Tu
820 1290 881 1328 fac
899 1291 1029 1329 animo
1047 1290 1137 1329 forti
1154 1302 1317 1342 magno-

194 1356 270 1394 que
299 1343 363 1392 sis,
390 1357 592 1396 speresque
612 1344 707 1393 fore,
734 1351 792 1391 ut,
822 1344 942 1383 fracto
964 1345 1112 1396 impetu
1135 1343 1319 1383 levissimi

194 1396 375 1445 hominis,
393 1405 504 1492 {tiam
522 1398 724 1450 pristinam
742 1398 969 1451 dignitatem
989 1406 1027 1438 et
1043 1398 1207 1451 gloriam
1225 1410 1318 1439 con-

195 1463 364 1503 sequare.
435 1453 506 1492 ale.

195 1612 282 1660 (6.)
318 1613 379 1652 M.
402 1614 453 1653 T.
475 1613 522 1653 C.
553 1614 599 1653 P.
615 1614 910 1665 LENTULO,
941 1613 1175 1655 PROCOS.
1204 1615 1245 1655 S.
1259 1612 1315 1654 D.

247 1722 694 1772 (Argzmaentmn.-Et
713 1737 736 1762 a
761 1723 944 1776 temporis
962 1723 1126 1772 medela,
1147 1730 1185 1762 et
1203 1737 1226 1762 a
1245 1736 1315 1763 suo

196 1778 388 1828 exemplo,
408 1778 551 1816 solatur
570 1778 785 1816 Lentulum
799 1779 840 1816 in
866 1778 974 1816 tardo
988 1785 1147 1829 speratae
1162 1777 1217 1816 rei
1226 1790 1315 1830 pro-

195 1844 350 1883 gressu;
382 1839 419 1870 et
437 1831 486 1870 ad
504 1832 624 1870 animi
637 1832 946 1884 magnitudinem
963 1832 1217 1880 adhortatur.)

249 1941 350 1989 Quae
368 1947 561 1992 gerantur,
582 1940 741 1992 accipies
761 1955 809 1979 ex
828 1941 1017 1989 Pollione,
1044 1939 1113 1992 qui
1131 1939 1314 1978 omnibus

195 1995 356 2045 negotiis
384 2008 461 2032 non
489 1995 662 2033 interfuit
691 1996 830 2044 solum,
870 1995 935 2034 sed
962 1994 1129 2047 praefuit.
1174 1993 1246 2032 Me
1273 1994 1314 2031 in

195 2062 348 2087 summo
376 2049 518 2097 dolore,
548 2062 664 2101 quem
692 2049 732 2086 in
755 2050 830 2088 tuis
858 2051 971 2088 rebus
999 2048 1120 2100 capio,
1147 2047 1319 2086 maxime

197 2103 336 2141 scilicet
355 2104 569 2141 consolatur
587 2116 684 2155 spes,
706 2104 810 2154 quod
830 2104 938 2142 valde
957 2103 1139 2155 suspicor,
1159 2102 1254 2150 fore,
1274 2109 1318 2140 ut

194 2157 426 2208 infringatur
443 2157 645 2195 hominum
663 2157 902 2209 improbitas,
923 2164 960 2196 et
979 2157 1143 2196 consiliis
1162 2163 1314 2194 tuorum

197 2211 422 2262 amicorum,
449 2219 486 2251 et
508 2211 594 2264 ipsa
617 2211 694 2259 die,
722 2225 810 2263 quae
827 2211 1000 2252 debilitat
1018 2209 1262 2263 cogitationes
1280 2217 1316 2248 et
