1501 2407
247 107 330 146 AD
359 106 666 148 DlvERSOS.
686 108 784 147 Lm.
818 108 898 148 111.
930 111 966 148 9.
1112 108 1164 155 73

54 216 239 255 aestimare
260 224 387 268 putas,
415 216 518 268 quod
538 227 592 255 est
610 217 650 255 in
669 217 746 255 tuis
770 217 888 256 literis
906 218 1103 269 scriptum,
1125 220 1166 258 Si

54 269 149 320 quid
174 270 360 318 inciderit,
382 270 485 322 quod
504 271 553 309 ad
570 284 694 309 meam
717 271 942 322 dignitatem
965 273 1167 324 pertineat,

52 323 121 361 etsi
141 324 204 362 vix
223 324 304 362 fieri
321 325 450 376 possit,
467 333 595 363 tamen
616 333 651 363 te
669 338 800 377 parem
819 326 916 363 mihi
935 327 1097 376 gratiam
1111 340 1171 366 re-

50 376 220 416 laturum
235 381 253 417 Ρ
273 379 340 417 Tu
358 391 446 417 vero
460 379 569 417 facile
587 379 720 418 facies:
742 380 839 417 nihil
858 388 912 418 est
931 381 1047 426 enim,
1065 385 1169 432 quod

51 431 177 470 studio
196 440 232 471 et
259 432 534 479 benevolendi,
556 434 615 471 vel
639 446 767 472 amore
796 434 938 485 potius,
970 435 1065 473 effici
1091 448 1168 476 non

51 486 180 536 possit.
209 488 311 538 Ego,
336 487 404 525 etsi
434 496 469 526 et
502 488 583 538 ipse
612 488 665 525 ita
693 487 928 537 judicabam,
960 495 996 526 et
1028 489 1170 530 fiebam

50 542 180 578 crebro
203 554 226 579 a
252 541 347 580 meis
372 555 439 593 per
460 542 588 580 literas
614 542 760 589 certior,
790 550 920 580 tamen
955 543 1170 584 maximam

50 593 223 632 laetitiam
242 596 323 647 cepi
343 609 390 634 ex
409 596 484 634 tuis
502 595 635 641 literis,
665 596 712 634 de
735 609 800 646 spe
818 596 978 635 minime
996 597 1114 636 dubis
1134 607 1171 638 et

49 648 164 699 plane
195 650 391 701 explorat-22
415 650 605 700 triumphi
630 650 711 687 tui:
742 663 866 701 neque
889 663 977 689 vero
1006 653 1054 689 ob
1084 666 1171 692 eam

50 715 218 751 causam,
239 717 318 755 quo
342 704 423 756 ipse
441 704 589 742 facilius
607 716 854 755 consequerer
882 707 989 747 (nam
1019 705 1060 743 id
1085 708 1172 758 qui-

0 803 10 807 *
51 755 140 794 dem
160 764 382 808 Emncufsm
402 765 488 805 est),
519 758 584 796 sed
604 757 852 802 (mehercule)
874 759 978 810 quod
1002 767 1069 798 tua
1088 762 1172 813 dig-

50 810 150 849 nitas
182 818 298 863 atque
330 812 545 864 amplitudo
574 812 672 849 mihi
701 820 755 850 est
787 813 870 863 ipsa
903 826 989 851 cara
1019 827 1088 865 per
1118 829 1169 855 se.

50 864 197 913 Quare,
218 867 401 917 quoniam
420 867 548 917 plures
567 873 609 903 tu
629 866 761 911 habes,
783 879 900 917 quam
921 868 1058 915 caeteri,
1075 883 1171 921 quos

49 919 142 957 scias
161 920 202 956 in
220 920 318 958 hanc
342 920 578 971 provinciam
602 920 801 970 proficisci,
833 920 936 971 quod
966 930 1003 959 te
1028 923 1171 963 adeunt

49 973 127 1011 fere
145 986 290 1019 omnes,
312 973 343 1012 si
362 974 457 1025 quid
475 974 593 1017 velis3
624 974 883 1023 gratissimum
908 974 1005 1013 mihi
1023 976 1169 1026 feceris,

51 1027 83 1065 si
102 1027 151 1065 ad
169 1040 245 1075 me,
267 1028 383 1066 simul
404 1036 519 1078 atque
538 1027 698 1078 adeptus
727 1028 812 1075 eris,
834 1028 937 1079 quod
957 1036 993 1066 et
1019 1037 1061 1068 tu
1081 1045 1172 1070 con-

48 1081 150 1128 fidis,
171 1090 207 1120 et
227 1095 296 1132 ego
313 1089 418 1133 opto,
438 1082 565 1119 literas
582 1081 740 1119 miseris.
771 1081 900 1132 Longi
919 1084 1090 1122 subsellii
1110 1089 1172 1130 (ut

50 1144 178 1174 noster
193 1136 401 1187 Pompeius
419 1135 603 1187 appellat)
621 1135 805 1184 judicatio
821 1143 857 1173 et
876 1149 983 1174 mora
1002 1138 1034 1175 si
1053 1153 1171 1190 quem

50 1190 122 1228 tibi
150 1189 244 1228 item
276 1202 400 1228 unum
432 1190 644 1228 alterumve
676 1189 779 1227 diem
812 1191 1023 1239 abstulerit,
1059 1193 1171 1245 <quid

50 1244 154 1283 enim
172 1250 294 1295 potest
312 1244 478 1295 amplius
490 1243 525 1285 ?)
554 1251 622 1281 tua
647 1249 778 1281 tamen
796 1243 961 1294 dignitas
979 1258 1096 1284 suum
1113 1248 1171 1286 lo-

50 1311 141 1336 cum
158 1298 357 1336 obtinebit.
393 1298 482 1345 Sed,
504 1297 535 1335 si
553 1310 616 1335 me
635 1296 775 1348 diligis,
798 1298 826 1335 si
847 1311 870 1335 a
888 1311 952 1335 me
970 1299 1079 1352 diligi
1098 1302 1170 1350 vis,

50 1352 100 1391 ad
115 1365 177 1391 me
196 1352 337 1401 literas,
364 1361 408 1391 ut
428 1365 547 1403 quam
564 1351 736 1402 primum
755 1350 887 1390 laetitia
905 1352 1060 1403 afficiar,
1079 1356 1171 1394 mit-

51 1406 133 1445 tito.
162 1407 217 1445 Et
233 1407 364 1453 velim,
385 1406 578 1457 reliquum
605 1405 710 1457 quod
735 1413 790 1444 est
817 1406 993 1457 promissi
1023 1422 1065 1447 ac
1082 1422 1172 1448 mu-

50 1461 151 1499 neris
169 1461 242 1509 tui,
271 1460 368 1498 mihi
386 1460 587 1512 persolvas.
631 1459 735 1498 Cum
764 1460 888 1511 ipsam
917 1462 1173 1512 cognitionem

47 1515 146 1565 juris
164 1515 316 1566 augurii
334 1514 512 1566 consequi
540 1513 666 1565 cupio,
699 1520 786 1551 tum
816 1514 1066 1563 (mehercule)
1097 1519 1174 1558 tuis

51 1569 321 1608 incredibiliter
339 1569 473 1607 studiis
491 1581 581 1619 erga
603 1580 681 1616 me,
706 1568 1021 1619 muneribusque,
1050 1570 1173 1611 delec-

54 1631 123 1661 tor.
151 1622 272 1671 Quod
289 1630 419 1662 autem
437 1636 459 1660 a
477 1635 541 1660 me
565 1622 640 1660 tale
658 1621 842 1673 quiddam
862 1622 1062 1673 desideras,
1084 1639 1174 1666 sane

53 1677 151 1716 mihi
169 1677 484 1716 considerandum
497 1683 566 1724 est,
582 1688 752 1728 quonam
771 1683 808 1715 te
826 1688 1044 1717 remunerer
1057 1680 1175 1731 potis-

35 1731 198 1770 ssimum
223 1743 383 1783 genere:
413 1743 505 1769 nam
522 1731 689 1782 profecto
707 1742 785 1768 non
804 1737 861 1768 est
878 1743 1025 1779 meum,
1046 1733 1114 1784 qui
1131 1735 1174 1773 in

55 1785 251 1824 scribendo
278 1787 341 1838 (ut
359 1785 454 1824 soles
473 1782 670 1832 admirari)
701 1791 851 1822 tantum
880 1784 1076 1825 industriae
1103 1800 1175 1840 po-

54 1850 164 1887 nam,
184 1840 434 1887 committere,
465 1845 510 1876 ut
534 1838 730 1889 negligens
756 1838 951 1876 scribendo
980 1840 1099 1880 fuisse
1116 1842 1174 1881 vi.

56 1893 174 1939 dear;
202 1893 411 1945 praesertim
432 1905 520 1931 cum
541 1892 581 1929 id
599 1904 676 1929 non
702 1891 816 1929 modo
839 1892 1078 1943 negligentis,
1110 1896 1176 1935 sed

58 1948 174 1986 etiam
191 1947 346 1998 ingrati,
359 1945 479 1985 animi
498 1946 639 1984 crimen
653 1945 830 1984 futurum
843 1946 901 1984 sit.
931 1947 1082 1987 Verum
1092 1949 1175 1989 haec

55 2001 283 2040 videbimus.

112 2055 234 2103 Illud,
255 2055 358 2108 quod
375 2055 578 2106 polliceris,
598 2055 728 2102 velim,
748 2067 817 2105 pro
836 2053 902 2092 tua
921 2054 995 2094 fide
1013 2055 1176 2108 diligen-

58 2108 205 2160 daque,
225 2116 263 2148 et
281 2121 350 2160 pro
368 2109 512 2156 nostri,
532 2121 607 2147 non
628 2108 816 2156 instituta,
846 2109 910 2147 sed
926 2110 1008 2159 jam
1034 2110 1177 2150 invete-

60 2162 353 2208 rataamidtia,
387 2175 508 2211 cures,
540 2162 696 2210 enitare,
730 2169 775 2200 ut
807 2163 1033 2215 supplicatio
1069 2166 1178 2203 nobis

60 2229 178 2267 quam
204 2216 594 2265 honorificentissime,
618 2229 736 2269 quam
767 2216 1027 2271 primumque,
1054 2218 1179 2259 decer·-

119 2271 285 2321 (Epist.)
308 2281 411 2310 vor..
435 2282 464 2309 1.
872 2281 905 2308 11
