<?xml version="1.0" encoding="UTF-8"?>
<!DOCTYPE html PUBLIC "-//W3C//DTD XHTML 1.0 Transitional//EN"
    "http://www.w3.org/TR/xhtml1/DTD/xhtml1-transitional.dtd">
<html xmlns="http://www.w3.org/1999/xhtml" xml:lang="en" lang="en">
 <head>
  <title>
</title>
<meta http-equiv="Content-Type" content="text/html;charset=utf-8" />
  <meta name='ocr-system' content='tesseract 3.04.00' />
  <meta name='ocr-capabilities' content='ocr_page ocr_carea ocr_par ocr_line ocrx_word'/>
</head>
<body>
  <div class='ocr_page' id='page_1' title='image "./operaern09ciceuoft_0406.png"; bbox 0 0 1481 2422; ppageno 0'>
   <div class='ocr_carea' id='block_1_1' title="bbox 150 100 1086 150">
    <p class='ocr_par' dir='ltr' id='par_1_1' title="bbox 150 100 1086 150">
     <span class='ocr_line' id='line_1_1' title="bbox 150 100 1086 150; baseline -0.009 0"><span class='ocrx_word' id='word_1_1' title='bbox 150 110 233 150; x_wconf 75' lang='lat'>392</span> <span class='ocrx_word' id='word_1_2' title='bbox 330 105 412 146; x_wconf 88' lang='lat' dir='ltr'>AD</span> <span class='ocrx_word' id='word_1_3' title='bbox 440 101 736 145; x_wconf 84' lang='lat' dir='ltr'><strong>DIVERSOS.</strong></span> <span class='ocrx_word' id='word_1_4' title='bbox 767 102 867 142; x_wconf 74' lang='lat' dir='ltr'>Iam.</span> <span class='ocrx_word' id='word_1_5' title='bbox 887 102 990 142; x_wconf 92' lang='lat' dir='ltr'><strong>XII.</strong></span> <span class='ocrx_word' id='word_1_6' title='bbox 1019 100 1086 142; x_wconf 76' lang='lat'>28.</span> 
     </span>
    </p>
   </div>
   <div class='ocr_carea' id='block_1_2' title="bbox 156 211 1284 864">
    <p class='ocr_par' dir='ltr' id='par_1_2' title="bbox 156 211 1284 864">
     <span class='ocr_line' id='line_1_2' title="bbox 158 211 1278 266; baseline -0.005 -10"><span class='ocrx_word' id='word_1_7' title='bbox 158 217 348 257; x_wconf 80' lang='lat' dir='ltr'>tributum</span> <span class='ocrx_word' id='word_1_8' title='bbox 366 213 632 266; x_wconf 80' lang='lat' dir='ltr'>intelligerem,</span> <span class='ocrx_word' id='word_1_9' title='bbox 653 224 772 264; x_wconf 89' lang='lat' dir='ltr'>quam</span> <span class='ocrx_word' id='word_1_10' title='bbox 789 223 861 263; x_wconf 87' lang='lat' dir='ltr'>ego</span> <span class='ocrx_word' id='word_1_11' title='bbox 878 217 917 250; x_wconf 87' lang='lat' dir='ltr'>te</span> <span class='ocrx_word' id='word_1_12' title='bbox 935 211 1115 250; x_wconf 84' lang='lat' dir='ltr'><strong>auderem</strong></span> <span class='ocrx_word' id='word_1_13' title='bbox 1133 224 1278 264; x_wconf 85' lang='lat' dir='ltr'>rogare.</span> 
     </span>
     <span class='ocr_line' id='line_1_3' title="bbox 156 265 1280 318; baseline -0.005 -8"><span class='ocrx_word' id='word_1_14' title='bbox 156 270 326 311; x_wconf 86' lang='lat' dir='ltr'>Audebo</span> <span class='ocrx_word' id='word_1_15' title='bbox 347 276 500 308; x_wconf 83' lang='lat' dir='ltr'>tamen:</span> <span class='ocrx_word' id='word_1_16' title='bbox 530 267 606 306; x_wconf 88' lang='lat' dir='ltr'>scio</span> <span class='ocrx_word' id='word_1_17' title='bbox 631 266 748 315; x_wconf 91' lang='lat' dir='ltr'>enim,</span> <span class='ocrx_word' id='word_1_18' title='bbox 769 272 959 317; x_wconf 84' lang='lat' dir='ltr'>quantum</span> <span class='ocrx_word' id='word_1_19' title='bbox 988 265 1166 318; x_wconf 88' lang='lat' dir='ltr'>ponderis</span> <span class='ocrx_word' id='word_1_20' title='bbox 1192 278 1280 304; x_wconf 86' lang='lat' dir='ltr'>mea</span> 
     </span>
     <span class='ocr_line' id='line_1_4' title="bbox 158 319 1281 372; baseline -0.006 -7"><span class='ocrx_word' id='word_1_21' title='bbox 158 323 438 366; x_wconf 81' lang='lat' dir='ltr'>commendatio</span> <span class='ocrx_word' id='word_1_22' title='bbox 466 322 514 361; x_wconf 87' lang='lat' dir='ltr'>sit</span> <span class='ocrx_word' id='word_1_23' title='bbox 536 321 726 360; x_wconf 85' lang='lat' dir='ltr'>habitura.</span> <span class='ocrx_word' id='word_1_24' title='bbox 759 320 892 368; x_wconf 88' lang='lat' dir='ltr'>Quare</span> <span class='ocrx_word' id='word_1_25' title='bbox 915 333 939 358; x_wconf 88' lang='lat' dir='ltr'>a</span> <span class='ocrx_word' id='word_1_26' title='bbox 956 327 993 358; x_wconf 88' lang='lat' dir='ltr'>te</span> <span class='ocrx_word' id='word_1_27' title='bbox 1016 327 1117 372; x_wconf 83' lang='lat' dir='ltr'>peto,</span> <span class='ocrx_word' id='word_1_28' title='bbox 1144 327 1203 368; x_wconf 85' lang='lat' dir='ltr'>ut,</span> <span class='ocrx_word' id='word_1_29' title='bbox 1230 319 1281 358; x_wconf 87' lang='lat' dir='ltr'>ad</span> 
     </span>
     <span class='ocr_line' id='line_1_5' title="bbox 160 373 1277 428; baseline -0.005 -10"><span class='ocrx_word' id='word_1_30' title='bbox 160 392 246 419; x_wconf 89' lang='lat' dir='ltr'>eam</span> <span class='ocrx_word' id='word_1_31' title='bbox 281 377 563 422; x_wconf 80' lang='lat' dir='ltr'>liberalitatem,</span> <span class='ocrx_word' id='word_1_32' title='bbox 597 375 676 428; x_wconf 64' lang='lat' dir='ltr'>qua</span> <span class='ocrx_word' id='word_1_33' title='bbox 704 374 784 413; x_wconf 90' lang='lat' dir='ltr'>sine</span> <span class='ocrx_word' id='word_1_34' title='bbox 819 374 914 412; x_wconf 88' lang='lat' dir='ltr'>meis</span> <span class='ocrx_word' id='word_1_35' title='bbox 948 373 1066 413; x_wconf 87' lang='lat' dir='ltr'>literis</span> <span class='ocrx_word' id='word_1_36' title='bbox 1100 387 1194 413; x_wconf 90' lang='lat' dir='ltr'>usus</span> <span class='ocrx_word' id='word_1_37' title='bbox 1224 387 1277 423; x_wconf 86' lang='lat' dir='ltr'>es,</span> 
     </span>
     <span class='ocr_line' id='line_1_6' title="bbox 160 427 1282 486; baseline -0.005 -14"><span class='ocrx_word' id='word_1_38' title='bbox 160 446 281 486; x_wconf 89' lang='lat' dir='ltr'>quam</span> <span class='ocrx_word' id='word_1_39' title='bbox 306 432 515 480; x_wconf 77' lang='lat' dir='ltr'>maximus,</span> <span class='ocrx_word' id='word_1_40' title='bbox 541 430 602 468; x_wconf 90' lang='lat' dir='ltr'>his</span> <span class='ocrx_word' id='word_1_41' title='bbox 625 429 758 477; x_wconf 86' lang='lat' dir='ltr'>literis,</span> <span class='ocrx_word' id='word_1_42' title='bbox 782 429 961 467; x_wconf 79' lang='lat' dir='ltr'>cumulus</span> <span class='ocrx_word' id='word_1_43' title='bbox 985 428 1148 467; x_wconf 85' lang='lat' dir='ltr'>accedat.</span> <span class='ocrx_word' id='word_1_44' title='bbox 1205 427 1282 466; x_wconf 56' lang='lat' dir='ltr'>Ca..</span> 
     </span>
     <span class='ocr_line' id='line_1_7' title="bbox 160 482 1281 540; baseline -0.005 -14"><span class='ocrx_word' id='word_1_45' title='bbox 160 495 235 540; x_wconf 88' lang='lat' dir='ltr'>put</span> <span class='ocrx_word' id='word_1_46' title='bbox 271 494 400 525; x_wconf 89' lang='lat' dir='ltr'>autem</span> <span class='ocrx_word' id='word_1_47' title='bbox 438 493 494 523; x_wconf 85' lang='lat' dir='ltr'>est</span> <span class='ocrx_word' id='word_1_48' title='bbox 523 497 619 522; x_wconf 87' lang='lat' dir='ltr'>meae</span> <span class='ocrx_word' id='word_1_49' title='bbox 655 482 1009 529; x_wconf 80' lang='lat' dir='ltr'>commendationis,</span> <span class='ocrx_word' id='word_1_50' title='bbox 1051 495 1100 521; x_wconf 88' lang='lat' dir='ltr'>ne</span> <span class='ocrx_word' id='word_1_51' title='bbox 1135 482 1281 534; x_wconf 86' lang='lat' dir='ltr'>patiare</span> 
     </span>
     <span class='ocr_line' id='line_1_8' title="bbox 161 535 1282 586; baseline -0.006 -5"><span class='ocrx_word' id='word_1_52' title='bbox 161 542 322 581; x_wconf 86' lang='lat' dir='ltr'>Erotem</span> <span class='ocrx_word' id='word_1_53' title='bbox 341 539 525 586; x_wconf 88' lang='lat' dir='ltr'>Turium,</span> <span class='ocrx_word' id='word_1_54' title='bbox 546 537 598 585; x_wconf 86' lang='lat' dir='ltr'>Q.</span> <span class='ocrx_word' id='word_1_55' title='bbox 619 537 734 575; x_wconf 86' lang='lat' dir='ltr'>Turii</span> <span class='ocrx_word' id='word_1_56' title='bbox 748 537 944 584; x_wconf 88' lang='lat' dir='ltr'>libertum,</span> <span class='ocrx_word' id='word_1_57' title='bbox 962 539 1024 579; x_wconf 92' lang='lat' dir='ltr'>(ut</span> <span class='ocrx_word' id='word_1_58' title='bbox 1036 537 1162 575; x_wconf 83' lang='lat' dir='ltr'>adhuc</span> <span class='ocrx_word' id='word_1_59' title='bbox 1175 535 1282 584; x_wconf 88' lang='lat' dir='ltr'>fecit)</span> 
     </span>
     <span class='ocr_line' id='line_1_9' title="bbox 160 590 1283 643; baseline -0.005 -9"><span class='ocrx_word' id='word_1_60' title='bbox 160 595 422 634; x_wconf 77' lang='lat' dir='ltr'>haereditatem</span> <span class='ocrx_word' id='word_1_61' title='bbox 442 592 657 631; x_wconf 81' lang='lat' dir='ltr'>Turianam</span> <span class='ocrx_word' id='word_1_62' title='bbox 686 597 879 635; x_wconf 86' lang='lat' dir='ltr'>avertere;</span> <span class='ocrx_word' id='word_1_63' title='bbox 909 590 1128 643; x_wconf 82' lang='lat' dir='ltr'>caeterisque</span> <span class='ocrx_word' id='word_1_64' title='bbox 1156 590 1283 629; x_wconf 70' lang='lat' dir='ltr'>omni.</span> 
     </span>
     <span class='ocr_line' id='line_1_10' title="bbox 161 644 1283 696; baseline -0.006 -7"><span class='ocrx_word' id='word_1_65' title='bbox 161 651 236 690; x_wconf 85' lang='lat' dir='ltr'>bus</span> <span class='ocrx_word' id='word_1_66' title='bbox 264 650 378 687; x_wconf 91' lang='lat' dir='ltr'>rebus</span> <span class='ocrx_word' id='word_1_67' title='bbox 399 647 540 685; x_wconf 84' lang='lat' dir='ltr'>habeas</span> <span class='ocrx_word' id='word_1_68' title='bbox 564 658 627 684; x_wconf 87' lang='lat' dir='ltr'>eos</span> <span class='ocrx_word' id='word_1_69' title='bbox 649 644 1054 684; x_wconf 82' lang='lat' dir='ltr'>commendatissimos.</span> <span class='ocrx_word' id='word_1_70' title='bbox 1090 644 1283 696; x_wconf 85' lang='lat' dir='ltr'>Magnam</span> 
     </span>
     <span class='ocr_line' id='line_1_11' title="bbox 163 697 1283 753; baseline -0.005 -11"><span class='ocrx_word' id='word_1_71' title='bbox 163 716 212 742; x_wconf 79' lang='lat' dir='ltr'>ex</span> <span class='ocrx_word' id='word_1_72' title='bbox 230 714 364 747; x_wconf 75' lang='lat' dir='ltr'>eorum</span> <span class='ocrx_word' id='word_1_73' title='bbox 383 700 581 753; x_wconf 88' lang='lat' dir='ltr'>splendore</span> <span class='ocrx_word' id='word_1_74' title='bbox 595 706 634 738; x_wconf 83' lang='lat' dir='ltr'>et</span> <span class='ocrx_word' id='word_1_75' title='bbox 646 697 884 738; x_wconf 64' lang='lat' dir='ltr'>observantia</span> <span class='ocrx_word' id='word_1_76' title='bbox 897 699 1021 751; x_wconf 89' lang='lat' dir='ltr'>capies</span> <span class='ocrx_word' id='word_1_77' title='bbox 1031 699 1283 750; x_wconf 76' lang='lat' dir='ltr'>voluptatem.</span> 
     </span>
     <span class='ocr_line' id='line_1_12' title="bbox 163 753 1284 806; baseline -0.004 -10"><span class='ocrx_word' id='word_1_78' title='bbox 163 757 283 805; x_wconf 87' lang='lat' dir='ltr'>Quod</span> <span class='ocrx_word' id='word_1_79' title='bbox 300 763 346 795; x_wconf 87' lang='lat' dir='ltr'>ut</span> <span class='ocrx_word' id='word_1_80' title='bbox 363 756 470 804; x_wconf 84' lang='lat' dir='ltr'>velis,</span> <span class='ocrx_word' id='word_1_81' title='bbox 490 762 529 794; x_wconf 87' lang='lat' dir='ltr'>te</span> <span class='ocrx_word' id='word_1_82' title='bbox 546 754 790 793; x_wconf 79' lang='lat' dir='ltr'>vehementer</span> <span class='ocrx_word' id='word_1_83' title='bbox 809 753 925 792; x_wconf 86' lang='lat' dir='ltr'>etiam</span> <span class='ocrx_word' id='word_1_84' title='bbox 951 760 1069 806; x_wconf 89' lang='lat' dir='ltr'>atque</span> <span class='ocrx_word' id='word_1_85' title='bbox 1086 754 1203 793; x_wconf 82' lang='lat' dir='ltr'>etiam</span> <span class='ocrx_word' id='word_1_86' title='bbox 1222 765 1284 792; x_wconf 86' lang='lat' dir='ltr'>ro-</span> 
     </span>
     <span class='ocr_line' id='line_1_13' title="bbox 163 811 943 864; baseline -0.009 -12"><span class='ocrx_word' id='word_1_87' title='bbox 163 825 226 864; x_wconf 86' lang='lat' dir='ltr'>g0.</span> <span class='ocrx_word' id='word_1_88' title='bbox 256 811 368 852; x_wconf 87' lang='lat' dir='ltr'>Vale.</span> <span class='ocrx_word' id='word_1_89' title='bbox 938 818 943 826; x_wconf 56' lang='lat'><em>³</em></span> 
     </span>
    </p>
   </div>
   <div class='ocr_carea' id='block_1_3' title="bbox 205 967 1244 1024">
    <p class='ocr_par' dir='ltr' id='par_1_3' title="bbox 205 967 1244 1024">
     <span class='ocr_line' id='line_1_14' title="bbox 205 967 1244 1024; baseline -0.001 -15"><span class='ocrx_word' id='word_1_90' title='bbox 205 970 322 1024; x_wconf 88' lang='grc'>(27.)</span> <span class='ocrx_word' id='word_1_91' title='bbox 353 970 415 1010; x_wconf 91' lang='grc' dir='ltr'>Μ.</span> <span class='ocrx_word' id='word_1_92' title='bbox 436 970 486 1009; x_wconf 92' lang='grc' dir='ltr'>Τ.</span> <span class='ocrx_word' id='word_1_93' title='bbox 510 968 557 1010; x_wconf 87' lang='lat' dir='ltr'>C.</span> <span class='ocrx_word' id='word_1_94' title='bbox 586 971 626 1010; x_wconf 91' lang='lat' dir='ltr'>S.</span> <span class='ocrx_word' id='word_1_95' title='bbox 648 970 694 1009; x_wconf 94' lang='lat' dir='ltr'>P.</span> <span class='ocrx_word' id='word_1_96' title='bbox 715 969 768 1009; x_wconf 88' lang='lat' dir='ltr'>D.</span> <span class='ocrx_word' id='word_1_97' title='bbox 798 969 851 1019; x_wconf 86' lang='lat' dir='ltr'>Q.</span> <span class='ocrx_word' id='word_1_98' title='bbox 878 967 1244 1009; x_wconf 87' lang='lat' dir='ltr'><strong>CORNIFICIO.</strong></span> 
     </span>
    </p>
   </div>
   <div class='ocr_carea' id='block_1_4' title="bbox 168 1078 1287 1189">
    <p class='ocr_par' dir='ltr' id='par_1_4' title="bbox 168 1078 1287 1189">
     <span class='ocr_line' id='line_1_15' title="bbox 221 1078 1287 1136; baseline -0.005 -14"><span class='ocrx_word' id='word_1_99' title='bbox 221 1083 548 1136; x_wconf 79' lang='lat' dir='ltr'>(Argumentum.</span> <span class='ocrx_word' id='word_1_100' title='bbox 561 1103 614 1110; x_wconf 97' lang='lat'><strong>—</strong></span> <span class='ocrx_word' id='word_1_101' title='bbox 628 1081 794 1131; x_wconf 88' lang='lat' dir='ltr'>Aufidii,</span> <span class='ocrx_word' id='word_1_102' title='bbox 815 1079 954 1133; x_wconf 79' lang='lat' dir='ltr'>equitis</span> <span class='ocrx_word' id='word_1_103' title='bbox 972 1079 1157 1130; x_wconf 83' lang='lat' dir='ltr'>Romani,</span> <span class='ocrx_word' id='word_1_104' title='bbox 1176 1078 1287 1125; x_wconf 54' lang='lat' dir='ltr'>Afri.</span> 
     </span>
     <span class='ocr_line' id='line_1_16' title="bbox 168 1134 730 1189; baseline -0.007 -11"><span class='ocrx_word' id='word_1_105' title='bbox 168 1150 264 1178; x_wconf 87' lang='lat' dir='ltr'>cana</span> <span class='ocrx_word' id='word_1_106' title='bbox 282 1137 435 1189; x_wconf 86' lang='lat' dir='ltr'>negotia</span> <span class='ocrx_word' id='word_1_107' title='bbox 453 1134 730 1186; x_wconf 89' lang='lat' dir='ltr'>commendat.)</span> 
     </span>
    </p>
   </div>
   <div class='ocr_carea' id='block_1_5' title="bbox 674 1213 785 1220">
    <p class='ocr_par' dir='ltr' id='par_1_5' title="bbox 674 1213 785 1220">
     <span class='ocr_line' id='line_1_17' title="bbox 674 1213 785 1220; baseline 0 0"><span class='ocrx_word' id='word_1_108' title='bbox 674 1213 785 1220; x_wconf 95' lang='lat' dir='ltr'> </span> 
     </span>
    </p>
   </div>
   <div class='ocr_carea' id='block_1_6' title="bbox 168 1242 1292 1782">
    <p class='ocr_par' dir='ltr' id='par_1_6' title="bbox 168 1242 1292 1782">
     <span class='ocr_line' id='line_1_18' title="bbox 222 1242 1288 1296; baseline -0.002 -13"><span class='ocrx_word' id='word_1_109' title='bbox 222 1245 363 1291; x_wconf 80' lang='lat' dir='ltr'>Sextus</span> <span class='ocrx_word' id='word_1_110' title='bbox 380 1243 566 1283; x_wconf 89' lang='lat' dir='ltr'>Aufidius</span> <span class='ocrx_word' id='word_1_111' title='bbox 588 1251 626 1283; x_wconf 91' lang='lat' dir='ltr'>et</span> <span class='ocrx_word' id='word_1_112' title='bbox 647 1242 899 1291; x_wconf 68' lang='lat' dir='ltr'>observantia,</span> <span class='ocrx_word' id='word_1_113' title='bbox 923 1243 1003 1296; x_wconf 65' lang='lat' dir='ltr'>qua</span> <span class='ocrx_word' id='word_1_114' title='bbox 1020 1254 1084 1282; x_wconf 88' lang='lat' dir='ltr'>me</span> <span class='ocrx_word' id='word_1_115' title='bbox 1102 1242 1205 1290; x_wconf 85' lang='lat' dir='ltr'>colit,</span> <span class='ocrx_word' id='word_1_116' title='bbox 1226 1253 1288 1280; x_wconf 86' lang='lat' dir='ltr'>ae-</span> 
     </span>
     <span class='ocr_line' id='line_1_19' title="bbox 168 1297 1289 1350; baseline -0.005 -10"><span class='ocrx_word' id='word_1_117' title='bbox 168 1298 267 1340; x_wconf 75' lang='lat' dir='ltr'>cedit</span> <span class='ocrx_word' id='word_1_118' title='bbox 285 1298 335 1337; x_wconf 80' lang='lat' dir='ltr'>ad</span> <span class='ocrx_word' id='word_1_119' title='bbox 351 1299 572 1350; x_wconf 69' lang='lat' dir='ltr'>proximosg</span> <span class='ocrx_word' id='word_1_120' title='bbox 603 1306 641 1336; x_wconf 91' lang='lat' dir='ltr'>et</span> <span class='ocrx_word' id='word_1_121' title='bbox 659 1298 859 1350; x_wconf 85' lang='lat' dir='ltr'>splendore</span> <span class='ocrx_word' id='word_1_122' title='bbox 878 1297 997 1349; x_wconf 88' lang='lat' dir='ltr'>equiti</span> <span class='ocrx_word' id='word_1_123' title='bbox 1016 1298 1197 1336; x_wconf 87' lang='lat' dir='ltr'>Romano</span> <span class='ocrx_word' id='word_1_124' title='bbox 1221 1308 1289 1334; x_wconf 89' lang='lat' dir='ltr'>ne-</span> 
     </span>
     <span class='ocr_line' id='line_1_20' title="bbox 168 1351 1288 1404; baseline -0.002 -14"><span class='ocrx_word' id='word_1_125' title='bbox 168 1353 266 1391; x_wconf 87' lang='lat' dir='ltr'>mini</span> <span class='ocrx_word' id='word_1_126' title='bbox 293 1353 403 1392; x_wconf 87' lang='lat' dir='ltr'>cedit.</span> <span class='ocrx_word' id='word_1_127' title='bbox 431 1353 505 1391; x_wconf 89' lang='lat' dir='ltr'>Est</span> <span class='ocrx_word' id='word_1_128' title='bbox 530 1360 660 1391; x_wconf 88' lang='lat' dir='ltr'>autem</span> <span class='ocrx_word' id='word_1_129' title='bbox 684 1353 738 1390; x_wconf 84' lang='lat' dir='ltr'>ita</span> <span class='ocrx_word' id='word_1_130' title='bbox 762 1352 981 1404; x_wconf 88' lang='lat' dir='ltr'>temperatis</span> <span class='ocrx_word' id='word_1_131' title='bbox 1006 1351 1288 1402; x_wconf 84' lang='lat' dir='ltr'>moderatisque</span> 
     </span>
     <span class='ocr_line' id='line_1_21' title="bbox 169 1404 1290 1453; baseline -0.003 -8"><span class='ocrx_word' id='word_1_132' title='bbox 169 1407 355 1453; x_wconf 87' lang='lat' dir='ltr'>moribus,</span> <span class='ocrx_word' id='word_1_133' title='bbox 379 1415 423 1445; x_wconf 75' lang='lat' dir='ltr'>ut</span> <span class='ocrx_word' id='word_1_134' title='bbox 451 1419 604 1453; x_wconf 81' lang='lat' dir='ltr'>summa</span> <span class='ocrx_word' id='word_1_135' title='bbox 626 1406 802 1444; x_wconf 87' lang='lat' dir='ltr'>severitas</span> <span class='ocrx_word' id='word_1_136' title='bbox 828 1406 982 1444; x_wconf 63' lang='lat' dir='ltr'>summa</span> <span class='ocrx_word' id='word_1_137' title='bbox 1000 1418 1091 1444; x_wconf 88' lang='lat' dir='ltr'>cum</span> <span class='ocrx_word' id='word_1_138' title='bbox 1108 1404 1290 1443; x_wconf 85' lang='lat' dir='ltr'>humani-</span> 
     </span>
     <span class='ocr_line' id='line_1_22' title="bbox 168 1457 1291 1511; baseline -0.003 -12"><span class='ocrx_word' id='word_1_139' title='bbox 168 1467 246 1499; x_wconf 84' lang='lat' dir='ltr'>tate</span> <span class='ocrx_word' id='word_1_140' title='bbox 261 1461 459 1511; x_wconf 85' lang='lat' dir='ltr'>jungatur.</span> <span class='ocrx_word' id='word_1_141' title='bbox 489 1460 613 1509; x_wconf 83' lang='lat' dir='ltr'>Cujus</span> <span class='ocrx_word' id='word_1_142' title='bbox 630 1460 701 1498; x_wconf 87' lang='lat' dir='ltr'>tibi</span> <span class='ocrx_word' id='word_1_143' title='bbox 719 1459 885 1511; x_wconf 79' lang='lat' dir='ltr'>negotia,</span> <span class='ocrx_word' id='word_1_144' title='bbox 906 1473 995 1511; x_wconf 86' lang='lat' dir='ltr'>quae</span> <span class='ocrx_word' id='word_1_145' title='bbox 1013 1466 1103 1497; x_wconf 88' lang='lat' dir='ltr'>sunt</span> <span class='ocrx_word' id='word_1_146' title='bbox 1120 1459 1161 1496; x_wconf 91' lang='lat' dir='ltr'>in</span> <span class='ocrx_word' id='word_1_147' title='bbox 1179 1457 1291 1496; x_wconf 83' lang='lat' dir='ltr'>Afri-</span> 
     </span>
     <span class='ocr_line' id='line_1_23' title="bbox 170 1513 1290 1563; baseline -0.003 -10"><span class='ocrx_word' id='word_1_148' title='bbox 170 1514 229 1563; x_wconf 70' lang='lat' dir='ltr'>ca,</span> <span class='ocrx_word' id='word_1_149' title='bbox 260 1514 315 1552; x_wconf 86' lang='lat' dir='ltr'>ita</span> <span class='ocrx_word' id='word_1_150' title='bbox 346 1515 586 1556; x_wconf 76' lang='lat' dir='ltr'>commendo.</span> <span class='ocrx_word' id='word_1_151' title='bbox 620 1521 666 1552; x_wconf 89' lang='lat' dir='ltr'>ut</span> <span class='ocrx_word' id='word_1_152' title='bbox 693 1515 839 1563; x_wconf 87' lang='lat' dir='ltr'>majore</span> <span class='ocrx_word' id='word_1_153' title='bbox 869 1513 1008 1561; x_wconf 88' lang='lat' dir='ltr'>studio,</span> <span class='ocrx_word' id='word_1_154' title='bbox 1038 1513 1210 1563; x_wconf 87' lang='lat' dir='ltr'>magisve</span> <span class='ocrx_word' id='word_1_155' title='bbox 1242 1525 1290 1550; x_wconf 83' lang='lat' dir='ltr'>ex</span> 
     </span>
     <span class='ocr_line' id='line_1_24' title="bbox 169 1565 1291 1620; baseline -0.003 -14"><span class='ocrx_word' id='word_1_156' title='bbox 169 1567 314 1616; x_wconf 89' lang='lat' dir='ltr'>animo,</span> <span class='ocrx_word' id='word_1_157' title='bbox 339 1568 606 1607; x_wconf 88' lang='lat' dir='ltr'>commendare</span> <span class='ocrx_word' id='word_1_158' title='bbox 635 1580 712 1606; x_wconf 90' lang='lat' dir='ltr'>non</span> <span class='ocrx_word' id='word_1_159' title='bbox 738 1568 894 1620; x_wconf 86' lang='lat' dir='ltr'>possim.</span> <span class='ocrx_word' id='word_1_160' title='bbox 938 1567 1168 1618; x_wconf 89' lang='lat' dir='ltr'>Pergratum</span> <span class='ocrx_word' id='word_1_161' title='bbox 1191 1565 1291 1604; x_wconf 87' lang='lat' dir='ltr'>mihi</span> 
     </span>
     <span class='ocr_line' id='line_1_25' title="bbox 169 1619 1292 1674; baseline -0.004 -13"><span class='ocrx_word' id='word_1_162' title='bbox 169 1622 314 1670; x_wconf 81' lang='lat' dir='ltr'>feceris,</span> <span class='ocrx_word' id='word_1_163' title='bbox 335 1623 366 1661; x_wconf 86' lang='lat' dir='ltr'>si</span> <span class='ocrx_word' id='word_1_164' title='bbox 384 1622 530 1661; x_wconf 90' lang='lat' dir='ltr'>dederis</span> <span class='ocrx_word' id='word_1_165' title='bbox 549 1635 718 1674; x_wconf 81' lang='lat' dir='ltr'>operam,</span> <span class='ocrx_word' id='word_1_166' title='bbox 737 1630 782 1660; x_wconf 91' lang='lat' dir='ltr'>ut</span> <span class='ocrx_word' id='word_1_167' title='bbox 800 1622 832 1660; x_wconf 85' lang='lat' dir='ltr'>is</span> <span class='ocrx_word' id='word_1_168' title='bbox 849 1621 1051 1673; x_wconf 79' lang='lat' dir='ltr'>intelh&#39;gat,</span> <span class='ocrx_word' id='word_1_169' title='bbox 1067 1633 1172 1659; x_wconf 88' lang='lat' dir='ltr'>meas</span> <span class='ocrx_word' id='word_1_170' title='bbox 1187 1619 1292 1672; x_wconf 87' lang='lat' dir='ltr'>apud</span> 
     </span>
     <span class='ocr_line' id='line_1_26' title="bbox 170 1674 1292 1728; baseline -0.002 -14"><span class='ocrx_word' id='word_1_171' title='bbox 170 1684 209 1715; x_wconf 87' lang='lat' dir='ltr'>te</span> <span class='ocrx_word' id='word_1_172' title='bbox 226 1676 353 1715; x_wconf 85' lang='lat' dir='ltr'>literas</span> <span class='ocrx_word' id='word_1_173' title='bbox 374 1677 594 1715; x_wconf 80' lang='lat' dir='ltr'>maximum</span> <span class='ocrx_word' id='word_1_174' title='bbox 619 1676 771 1728; x_wconf 91' lang='lat' dir='ltr'>pondus</span> <span class='ocrx_word' id='word_1_175' title='bbox 795 1675 986 1714; x_wconf 84' lang='lat' dir='ltr'>habuisse.</span> <span class='ocrx_word' id='word_1_176' title='bbox 1015 1675 1105 1714; x_wconf 90' lang='lat' dir='ltr'>Hoc</span> <span class='ocrx_word' id='word_1_177' title='bbox 1122 1681 1160 1713; x_wconf 78' lang='lat' dir='ltr'>te</span> <span class='ocrx_word' id='word_1_178' title='bbox 1177 1674 1292 1713; x_wconf 81' lang='lat' dir='ltr'>vehe-</span> 
     </span>
     <span class='ocr_line' id='line_1_27' title="bbox 170 1730 886 1782; baseline -0.007 -9"><span class='ocrx_word' id='word_1_179' title='bbox 170 1737 332 1780; x_wconf 86' lang='lat' dir='ltr'>menter,</span> <span class='ocrx_word' id='word_1_180' title='bbox 352 1732 408 1770; x_wconf 83' lang='lat' dir='ltr'>m&#39;i</span> <span class='ocrx_word' id='word_1_181' title='bbox 427 1730 621 1779; x_wconf 88' lang='lat' dir='ltr'>Cornifici,</span> <span class='ocrx_word' id='word_1_182' title='bbox 641 1743 745 1782; x_wconf 89' lang='lat' dir='ltr'>rogo.</span> <span class='ocrx_word' id='word_1_183' title='bbox 773 1730 886 1769; x_wconf 91' lang='lat' dir='ltr'>Vale.</span> 
     </span>
    </p>
   </div>
   <div class='ocr_carea' id='block_1_7' title="bbox 216 1890 1242 1944">
    <p class='ocr_par' dir='ltr' id='par_1_7' title="bbox 216 1890 1242 1944">
     <span class='ocr_line' id='line_1_28' title="bbox 216 1890 1242 1944; baseline -0.002 -12"><span class='ocrx_word' id='word_1_184' title='bbox 216 1892 331 1944; x_wconf 81' lang='lat'><strong>(28.)</strong></span> <span class='ocrx_word' id='word_1_185' title='bbox 362 1893 424 1933; x_wconf 91' lang='grc' dir='ltr'>Μ.</span> <span class='ocrx_word' id='word_1_186' title='bbox 445 1894 496 1933; x_wconf 90' lang='grc' dir='ltr'>Τ.</span> <span class='ocrx_word' id='word_1_187' title='bbox 517 1894 562 1933; x_wconf 92' lang='lat' dir='ltr'>C.</span> <span class='ocrx_word' id='word_1_188' title='bbox 591 1894 631 1933; x_wconf 91' lang='lat' dir='ltr'>S.</span> <span class='ocrx_word' id='word_1_189' title='bbox 652 1893 699 1932; x_wconf 90' lang='lat' dir='ltr'>P.</span> <span class='ocrx_word' id='word_1_190' title='bbox 720 1892 773 1931; x_wconf 87' lang='lat' dir='ltr'>D.</span> <span class='ocrx_word' id='word_1_191' title='bbox 803 1891 856 1941; x_wconf 89' lang='lat' dir='ltr'>Q.</span> <span class='ocrx_word' id='word_1_192' title='bbox 883 1890 1242 1932; x_wconf 87' lang='lat' dir='ltr'><strong>CORNIFICIO.</strong></span> 
     </span>
    </p>
   </div>
   <div class='ocr_carea' id='block_1_8' title="bbox 172 1999 1296 2219">
    <p class='ocr_par' dir='ltr' id='par_1_8' title="bbox 172 1999 1296 2219">
     <span class='ocr_line' id='line_1_29' title="bbox 228 1999 1292 2054; baseline -0.003 -14"><span class='ocrx_word' id='word_1_193' title='bbox 228 2002 613 2054; x_wconf 74' lang='lat' dir='ltr'>(Argumentum.-—</span> <span class='ocrx_word' id='word_1_194' title='bbox 626 2001 745 2051; x_wconf 91' lang='lat' dir='ltr'>Quod</span> <span class='ocrx_word' id='word_1_195' title='bbox 780 2000 1008 2042; x_wconf 86' lang='lat' dir='ltr'>Cornificius</span> <span class='ocrx_word' id='word_1_196' title='bbox 1035 2000 1077 2038; x_wconf 87' lang='lat' dir='ltr'>in</span> <span class='ocrx_word' id='word_1_197' title='bbox 1109 2012 1185 2047; x_wconf 87' lang='lat' dir='ltr'>eos,</span> <span class='ocrx_word' id='word_1_198' title='bbox 1224 1999 1292 2051; x_wconf 87' lang='lat' dir='ltr'>qui</span> 
     </span>
     <span class='ocr_line' id='line_1_30' title="bbox 172 2053 1295 2108; baseline -0.004 -12"><span class='ocrx_word' id='word_1_199' title='bbox 172 2056 348 2108; x_wconf 80' lang='lat' dir='ltr'>Lilybaeo</span> <span class='ocrx_word' id='word_1_200' title='bbox 365 2057 502 2096; x_wconf 85' lang='lat' dir='ltr'>minati</span> <span class='ocrx_word' id='word_1_201' title='bbox 519 2057 684 2104; x_wconf 87' lang='lat' dir='ltr'>fuerant,</span> <span class='ocrx_word' id='word_1_202' title='bbox 710 2069 787 2095; x_wconf 92' lang='lat' dir='ltr'>non</span> <span class='ocrx_word' id='word_1_203' title='bbox 806 2055 1138 2101; x_wconf 74' lang='lat' dir='ltr'>animadverterat,</span> <span class='ocrx_word' id='word_1_204' title='bbox 1161 2053 1295 2092; x_wconf 86' lang='lat' dir='ltr'>leviter</span> 
     </span>
     <span class='ocr_line' id='line_1_31' title="bbox 172 2108 1296 2162; baseline -0.002 -13"><span class='ocrx_word' id='word_1_205' title='bbox 172 2110 435 2162; x_wconf 79' lang='lat' dir='ltr'>reprehendit:</span> <span class='ocrx_word' id='word_1_206' title='bbox 466 2119 597 2150; x_wconf 89' lang='lat' dir='ltr'>contra</span> <span class='ocrx_word' id='word_1_207' title='bbox 614 2111 748 2160; x_wconf 84' lang='lat' dir='ltr'>laudat</span> <span class='ocrx_word' id='word_1_208' title='bbox 766 2112 848 2161; x_wconf 91' lang='lat' dir='ltr'>ejus</span> <span class='ocrx_word' id='word_1_209' title='bbox 862 2110 903 2148; x_wconf 91' lang='lat' dir='ltr'>in</span> <span class='ocrx_word' id='word_1_210' title='bbox 917 2108 1195 2161; x_wconf 76' lang='lat' dir='ltr'>rempublicam</span> <span class='ocrx_word' id='word_1_211' title='bbox 1213 2114 1296 2148; x_wconf 85' lang='lat' dir='ltr'>stu-</span> 
     </span>
     <span class='ocr_line' id='line_1_32' title="bbox 172 2163 1050 2219; baseline -0.005 -14"><span class='ocrx_word' id='word_1_212' title='bbox 172 2164 306 2205; x_wconf 86' lang='lat' dir='ltr'>dium:</span> <span class='ocrx_word' id='word_1_213' title='bbox 337 2165 443 2205; x_wconf 86' lang='lat' dir='ltr'>addit</span> <span class='ocrx_word' id='word_1_214' title='bbox 462 2165 510 2204; x_wconf 90' lang='lat' dir='ltr'>de</span> <span class='ocrx_word' id='word_1_215' title='bbox 524 2165 687 2219; x_wconf 70' lang='lat' dir='ltr'>pecunia</span> <span class='ocrx_word' id='word_1_216' title='bbox 701 2172 740 2205; x_wconf 89' lang='lat' dir='ltr'>et</span> <span class='ocrx_word' id='word_1_217' title='bbox 756 2165 804 2204; x_wconf 90' lang='lat' dir='ltr'>de</span> <span class='ocrx_word' id='word_1_218' title='bbox 822 2163 1050 2216; x_wconf 66' lang='lat' dir='ltr'>republica.)</span> 
     </span>
    </p>
   </div>
  </div>
 </body>
</html>
