1501 2407
148 82 223 126 176
331 82 413 120 AD
444 82 739 137 DIVERSOS.
770 82 871 121 11113.
900 81 976 122 VI.
1008 81 1070 120 19.

145 190 210 241 pio
227 190 404 230 delectari
424 192 507 242 jam
524 192 665 231 talibus
683 191 842 244 scriptis.
870 190 959 230 Etsi
977 191 1082 230 abest
1098 187 1260 227 maturi-

144 251 203 282 tas
231 245 364 292 aetatis,
391 246 475 296 jam
506 253 634 285 tamen
659 259 859 297 personare
880 257 990 284 aures
1011 244 1093 294 ejus
1122 242 1260 292 hujus·

145 298 253 337 modi
271 300 439 349 vocibus,
458 313 535 339 non
554 307 610 339 est
625 300 775 339 inutile.
1186 316 1191 321 ’

200 352 272 391 Me
305 354 443 394 Romae
472 354 596 392 tenuit
624 354 781 393 omnino
812 353 956 392 Tuniae
985 364 1081 390 meae
1112 358 1258 411 partus,

148 406 238 455 Sed,
259 419 348 446 cum
368 421 425 456 ω,
456 409 782 460 quemadmodum
805 421 927 460 spero,
949 406 1037 445 satis
1064 405 1177 444 firma
1195 411 1259 452 Sit,

146 466 276 500 teneor
296 469 441 511 tamen,
461 462 556 501 dum
581 477 604 501 a
622 462 835 502 Dolabellae
863 459 1170 513 procuratoribus
1195 471 1262 497 ex-

146 513 252 565 igam
281 516 447 567 primam
471 516 718 568 pensionem3
750 524 787 556 et
807 512 1058 568 (mehercule)
1081 526 1159 552 non
1181 519 1263 551 tam

146 581 234 607 sum
252 570 510 621 peregrinator
523 572 621 621 jam,
637 584 756 623 quam
775 571 955 609 solebam.
983 568 1165 607 AEdificia
1177 580 1265 628 mea

146 635 210 662 me
239 623 487 672 delectabant,
523 633 560 663 et
592 625 725 663 otium.
764 624 917 663 Domus
946 630 1016 671 est,
1049 636 1136 675 quae
1164 621 1265 659 nulli

147 677 327 715 villarum
356 691 530 716 mearum
560 679 693 725 cedat;
723 679 846 717 otium
875 677 982 717 omni
1011 674 1265 716 desertissima

148 731 302 782 regione
319 732 458 782 majus.
488 732 627 785 Itaque
645 746 695 772 ne
715 733 835 771 literae
853 731 1009 784 quidem
1027 744 1124 769 meae
1141 729 1266 781 impe-

148 784 332 831 diuntur3
361 786 402 823 in
421 786 561 838 quibus
586 787 667 826 sine
690 788 772 826 ull&⁴
796 785 1098 838 interpellatione
1126 796 1264 822 versor.

151 838 298 887 Quare,
318 848 362 877 ut
381 840 553 888 arbitror,
580 841 687 893 prius
715 842 781 880 hic
805 848 843 880 te
867 853 950 887 nOS,
978 852 1097 891 quarn
1118 837 1201 876 istic
1219 844 1264 875 tu

148 905 218 931 nos
243 893 399 932 videbis.
425 894 552 947 Lepta
579 895 824 934 suavissimus
848 894 990 934 ediscat
1017 891 1234 933 Hesiodum
1250 905 1264 931 z

149 953 186 985 et
204 947 343 986 habeat
360 947 401 986 in
419 961 498 998 ore,

435 1009 506 1047 Της
527 1002 555 1041 δ’
579 1017 712 1053 αρετης
728 1002 863 1052 ἱδρωτα
874 1032 974 1043 ......

331 1164 441 1217 (19.)
487 1165 699 1208 CICERO
728 1165 934 1205 LEPTAE
978 1166 1019 1206 S.
1037 1165 1092 1205 D.

209 1274 533 1325 (Argumentum.
547 1301 602 1308 --
618 1275 720 1314 Cum
744 1274 873 1314 Caesar
899 1275 1012 1315 ludos
1040 1274 1268 1328 regionatim

153 1327 311 1366 daturus
337 1336 445 1377 esset,
477 1330 708 1368 curationem
741 1342 874 1369 eorum
903 1330 1029 1382 Lepta
1047 1330 1266 1376 ambiebat3

154 1382 216 1420 cui
233 1381 274 1420 id
298 1381 431 1421 Cicero
459 1383 662 1431 dissuadet,
690 1382 849 1432 diffisus,
875 1393 1028 1437 propter
1048 1384 1269 1423 multitudi-

155 1447 245 1474 nem
263 1436 502 1487 intimorum,
522 1437 718 1490 impetrari
735 1436 882 1491 posse.)

208 1543 410 1583 Maculam
435 1545 556 1584 officio
575 1546 753 1585 functum
777 1559 855 1585 esse
885 1546 1045 1599 gaudeo.
1073 1546 1174 1598 Ejus
1195 1547 1273 1586 Fa-

152 1599 305 1637 lernum
330 1599 427 1637 mihi
453 1613 600 1651 semper
628 1601 810 1639 idoneum
829 1601 954 1640 visum
974 1610 1030 1641 ὧι
1053 1601 1273 1651 diversorio,

155 1653 187 1691 si
217 1653 331 1691 modo
357 1653 445 1692 tecti
468 1655 557 1692 satis
581 1662 636 1693 est
663 1655 712 1693 ad
737 1655 962 1694 comitatum
986 1663 1161 1695 nostrum
1179 1656 1274 1695 reci-

151 1707 351 1759 piendum.
381 1707 595 1761 Caeteroqui
609 1709 706 1747 mihi
720 1709 825 1748 locus
837 1722 914 1748 non
928 1710 1128 1762 displicet;
1148 1723 1219 1749 nec
1230 1709 1275 1749 ea

154 1774 196 1800 re
214 1762 417 1800 Petrinum
435 1770 549 1801 tuum
567 1763 751 1802 deseram.
781 1764 890 1802 Nam
908 1772 946 1803 et
966 1764 1072 1812 villa,
1100 1771 1139 1803 et
1156 1777 1274 1804 amoe-

155 1815 255 1854 nitas
272 1815 354 1863 illa,
375 1817 682 1856 commorationis
702 1826 770 1866 est,
786 1830 863 1856 non
881 1818 1087 1857 diversorii.

211 1869 281 1907 De
304 1871 498 1909 curatione
533 1871 664 1924 aliqua
695 1885 904 1911 munerum
932 1873 1146 1924 regionum,
1182 1885 1273 1913 cum

156 1923 289 1975 Oppio
317 1924 468 1964 locutus
487 1938 571 1964 sum
590 1941 600 1963 ι
631 1938 723 1964 nam
747 1926 935 1976 Balbum,
961 1934 1211 1979 posteaquam
1229 1935 1273 1966 tu

155 1990 194 2016 es
212 1977 417 2029 profectus,
437 1992 515 2018 non
541 1980 619 2018 vidi
636 1994 646 2018 :
677 1980 792 2018 tantis
810 1980 955 2032 pedum
977 1981 1172 2020 doloribus
1190 1981 1274 2020 affi-

156 2031 268 2079 citur,
289 2039 332 2070 ut
351 2046 390 2070 se
415 2034 607 2072 conveniri
625 2034 732 2072 nolit.
762 2035 936 2074 Omnino
960 2035 1008 2074 de
1034 2036 1116 2074 tota
1141 2048 1182 2074 re
1209 2036 1274 2088 (ut

154 2085 251 2124 mihi
288 2086 455 2137 videtur)
501 2088 708 2139 sapientius
743 2089 897 2138 faceres,
931 2089 964 2128 si
997 2101 1075 2128 non
1108 2102 1272 2128 curares.

156 2140 275 2188 Quod
303 2140 407 2179 enim
432 2155 475 2180 eo
497 2142 627 2181 labore
654 2143 804 2195 assequi
822 2143 893 2192 vis,
913 2144 1022 2182 nullo
1039 2143 1155 2182 modo
1173 2157 1273 2182 asse-

154 2195 283 2247 quere.
313 2195 443 2235 Tanta
461 2206 516 2236 est
535 2197 638 2236 enim
665 2197 892 2238 intimorum
917 2197 1140 2248 multitudo,
1160 2205 1204 2237 ut
1222 2211 1271 2237 ex
