1481 2381
259 110 339 149 230
438 109 523 149 AD
550 107 847 150 DIVERSOS.
877 108 976 147 1:113.
998 107 1124 148 vm.
1153 111 1191 149 9.

258 226 349 258 runt
367 218 602 266 hominibus,
621 225 667 257 ut
684 218 836 266 diceret,
856 230 896 256 se
918 224 1006 256 ante
1032 215 1191 255 (kalend.
1211 213 1374 255 Martias

259 286 336 312 non
354 287 463 326 posse
477 273 557 311 sine
573 272 717 322 injuria
734 272 781 310 de
798 271 1000 324 provinciis
1020 270 1180 310 Caesaris
1198 276 1375 319 statuere,

257 336 344 380 post
364 328 447 366 Cal.
461 327 582 365 Mart.
603 340 642 365 se
660 339 738 364 non
749 326 1028 364 dubitaturum.
1045 325 1149 364 Cum
1166 324 1377 375 interroga„

259 389 377 430 retur,
398 381 429 420 si
447 381 515 433 qui
534 389 617 419 tum
637 381 921 427 intercederent,
938 379 1049 428 dixit,
1063 379 1136 417 hoc
1149 378 1248 416 nihil
1260 378 1377 416 inter-

260 448 352 484 esse,
380 443 512 474 utrum
538 436 583 474 C.
605 435 732 473 Caesar
759 434 906 473 senatui
930 434 1030 472 dicto
1049 432 1206 471 audiens
1223 431 1378 471 futurus

260 502 338 527 non
357 497 465 537 esset,
486 502 535 527 an
553 497 717 541 pararet,
733 488 801 540 qui
820 495 995 526 senatum
1006 488 1203 526 decernere
1213 498 1291 525 non
1308 500 1378 538 pa-

260 551 414 582 teretur.
457 543 566 591 Quid
588 543 633 591 si,
653 543 780 594 inquit
798 542 909 589 alius,
929 549 966 580 et
990 541 1123 580 consul
1141 553 1234 588 esse,
1255 547 1293 578 et
1310 553 1378 579 ex-

263 598 423 636 ercitum
441 598 595 645 habere,
619 597 720 635 volet
733 599 750 634 ?
781 597 839 634 At
856 596 935 642 ifle,
965 596 1103 647 (quam
1122 595 1328 633 clementer
1342 593 1376 644 Σ)

265 655 294 675 “
309 651 419 699 Quid
434 652 465 690 si
477 651 579 689 filius
590 663 700 689 meus
711 650 854 688 fustem
872 649 969 687 mihi
986 649 1199 700 impingere
1216 649 1318 686 volet
1331 649 1378 688 ?''

318 706 394 744 His
416 705 584 753 vocibus,
610 712 656 743 ut
684 704 944 742 existimarent
974 702 1162 751 homines,
1193 701 1380 754 Pompeio

263 772 352 798 cum
366 761 521 799 Caesare
539 771 619 797 esse
636 758 848 809 negotium,
873 757 1005 795 effecit,
1045 757 1187 808 Itaque
1209 756 1308 806 jam,
1337 764 1382 796 ut

264 813 386 863 video,
419 814 642 851 alterutram
671 812 721 850 ad
749 811 1006 850 conditionem
1037 809 1262 849 descendere
1297 811 1382 850 vult

265 867 406 916 Caesar,
426 875 471 905 ut
490 874 557 905 aut
574 874 742 913 maneat,
762 878 886 917 neque
903 865 976 903 hoc
998 877 1099 903 anno
1116 864 1176 902 sui
1193 863 1290 902 ratio
1313 865 1383 903 ha-

263 923 424 968 beatur;
455 928 535 969 aut,
557 920 588 959 si
607 920 797 972 designari
819 919 972 971 poterit,
991 918 1159 958 decedat.
1204 917 1323 957 Curio
1342 932 1383 957 se

263 984 396 1014 contra
414 989 504 1014 eum
515 983 642 1013 totum
659 982 781 1026 parat.
812 972 921 1021 Quid
934 972 1085 1025 assequi
1098 970 1231 1024 possit,
1244 973 1381 1012 noecio.

263 1030 371 1068 Inud
392 1030 513 1077 video,
532 1031 630 1067 bene
649 1029 884 1072 sentientem,
916 1027 986 1066 etsi
1010 1027 1108 1065 nihil
1126 1025 1303 1076 effecerit,
1321 1039 1384 1066 ca-

265 1083 354 1122 dere
372 1096 450 1122 non
466 1096 586 1135 posse.

320 1138 391 1176 Me
411 1145 544 1182 tractat
561 1135 765 1175 liberaliter
790 1135 922 1183 Curio,
953 1141 991 1173 et
1017 1134 1116 1172 mihi
1137 1147 1207 1173 suo
1225 1147 1385 1174 munere

265 1192 464 1243 negotium
490 1191 685 1243 imposuit.
722 1189 844 1238 Nam,
865 1190 896 1228 si
913 1189 1012 1227 mihi
1029 1201 1106 1226 non
1123 1188 1287 1228 dedisset
1305 1201 1384 1238 eas,

265 1260 353 1298 quae
373 1246 421 1283 ad
438 1245 550 1283 ludos
569 1245 604 1283 ei
622 1245 787 1283 advectae
805 1250 913 1282 erant
930 1242 1140 1291 Africam,
1165 1244 1291 1294 potuit
1319 1256 1386 1281 su-

264 1299 465 1352 persederi.
494 1299 536 1337 N
539 1312 628 1347 unc,
648 1298 802 1350 quando
820 1298 909 1336 dare
926 1309 1077 1336 necesse
1089 1303 1160 1343 est,
1180 1297 1296 1335 velim
1313 1297 1385 1335 tibi

265 1367 366 1393 eurae
396 1354 457 1401 sit,
490 1353 594 1404 quod
612 1366 635 1391 a
657 1360 695 1390 te
714 1365 861 1403 semper
887 1351 996 1403 petii,
1027 1358 1074 1389 ut
1101 1350 1247 1402 aliquid
1274 1351 1385 1390 istinc

266 1408 476 1447 bestiarum
494 1408 727 1445 habeamus:
745 1406 1025 1456 Sittianamque
1039 1405 1298 1456 syngrapham
1313 1405 1385 1444 tibi

266 1461 504 1500 commendo.
535 1461 740 1499 Libertum
759 1460 964 1498 Philonem
985 1459 1083 1497 istuc
1107 1458 1208 1506 misi,
1228 1467 1266 1498 et
1285 1458 1383 1498 Dio-

267 1528 405 1566 genem
422 1515 617 1562 Graecum,
635 1514 775 1566 quibus
785 1513 968 1551 mandam
978 1520 1016 1551 et
1032 1512 1160 1551 literas
1171 1512 1221 1551 ad
1233 1521 1272 1552 te
1282 1513 1382 1552 dedi.

267 1569 348 1608 Eos
367 1569 437 1607 tibi
462 1577 499 1607 et
517 1582 613 1615 rem,
640 1568 688 1606 de
716 1568 795 1619 qua
819 1567 921 1615 misi,
941 1566 1058 1605 velim
1089 1579 1189 1605 curae
1216 1567 1381 1606 habeas:

264 1636 372 1670 nam,
393 1636 511 1675 quam
531 1623 773 1661 vehementer
786 1622 835 1660 ad
854 1634 917 1659 me
935 1621 1136 1673 pertineat,
1151 1621 1192 1659 in
1209 1621 1270 1670 iis,
1290 1633 1385 1674 quas

260 1677 338 1716 -tibi
356 1678 413 1715 illi
427 1676 599 1726 reddent,
619 1676 738 1715 literis
756 1675 948 1727 descripsi.
977 1674 1088 1714 Vale.

473 1836 561 1890 (9.)
591 1837 812 1876 COELIUS
841 1835 1123 1875 CICERONI
1150 1836 1190 1875 S.

323 1943 934 1997 (Argumentum-Gloriatur
965 1943 1114 1982 aedilem
1146 1956 1185 1982 se
1213 1942 1387 1993 designa-

268 2006 353 2036 tum
369 2014 379 2036 ι
411 1999 575 2036 Hirrum
594 2000 789 2050 repulsum
805 2013 815 2036 t
846 1998 893 2037 de
910 1998 1106 2049 republica
1119 1997 1217 2035 nihil
1233 2005 1386 2036 actum:

271 2053 470 2091 Feridium
495 2053 761 2098 commendatg
791 2052 839 2090 de
869 2051 1046 2102 Pompeii
1068 2059 1106 2089 et
1132 2051 1320 2103 Scipionis
1345 2051 1388 2089 in

273 2106 465 2144 Caesarem
483 2107 612 2144 animo
631 2106 750 2153 addit„
767 2116 805 2144 et
815 2105 863 2144 de
875 2105 1024 2145 Calidio
1040 2105 1082 2144 in
1100 2104 1318 2144 defensione
1330 2104 1389 2143 di-

269 2167 385 2209 serto,
405 2159 446 2199 in
465 2160 703 2200 accusatione
715 2158 887 2212 frigido.)
