1481 2422
237 97 322 136 AD
350 95 650 138 DIVERSOS.
679 96 780 135 Lm.
801 95 904 138 ΧΙΙ.
933 97 1000 137 21.
1100 87 1181 134 385

248 207 359 254 (20.)
387 205 603 246 CICERO
633 206 992 247 CORNIFICIO·

113 313 439 365 (Argumentum.
456 341 511 348 -
525 315 555 354 J
556 323 701 364 ocatur,
715 315 820 368 quod
832 315 1073 355 Sinuessanae
1084 314 1186 355 villae

56 367 223 421 hospitio
243 369 303 407 uti
320 370 521 409 noluerat.
553 380 591 409 et
609 373 758 410 crebras
776 371 904 409 literas
922 370 1075 422 poscit.)

111 478 244 517 Gratae
262 478 361 517 mihi
379 486 457 517 tuae
475 479 609 525 literae,
626 479 701 518 nisi
716 479 820 532 quod
836 479 1112 518 Sinuessanum
1127 478 1187 517 di-

54 533 303 572 versoriolum
316 533 562 572 contemsisti.
593 534 726 582 Quam
738 534 896 586 quidem
912 533 1186 573 contumeliam

53 587 148 626 vina
165 587 309 639 pusilla
332 588 468 639 iniquo
498 587 627 626 animo
654 589 763 637 feret,
792 588 866 626 nisi
891 589 932 626 in
951 588 1130 627 Cumano
1149 595 1188 627 et

55 642 295 694 Pompeiano
314 642 521 681 reddideris
541 657 661 680 ’παντα
685 659 767 692 περι
788 658 944 680 παντων.
986 642 1049 682 Sic
1067 642 1186 693 igitur

53 695 183 745 facies,
204 709 345 748 meque
363 696 526 744 amabis,
543 704 580 735 et
599 697 738 749 scripto
757 697 887 749 aliquo
897 697 1068 736 lacesses.
1097 697 1187 748 Ego

54 751 160 789 enim
188 751 417 803 respondere
448 751 598 790 facilius
629 765 802 803 possum,
827 765 945 803 quam
969 764 1186 803 provocare.

54 804 176 853 Quod
194 805 227 844 si
254 808 315 850 (ut
334 804 391 855 es)
413 806 589 855 cessabis,
610 807 819 852 lacessam3
851 819 922 845 nec
939 813 1009 844 tua
1034 805 1188 857 ignavia

54 860 172 898 etiam
191 860 370 899 inertiam
389 860 531 899 afferet.
563 861 684 900 Plura
702 861 856 900 otiosus.
886 861 999 909 Haec,
1020 873 1110 900 cum
1130 873 1187 900 es-

55 925 137 952 sem
155 914 196 953 in
216 923 364 965 senatu,
386 915 552 955 exaravi.

194 1075 310 1128 (21.)
340 1076 402 1116 Μ.
420 1077 470 1116 Τ.
488 1076 535 1117 C.
566 1075 912 1117 CORNIFICIO
940 1077 980 1117 S.
994 1076 1048 1115 D.

131 1185 458 1237 (Argumentum.
474 1210 528 1216 —
546 1186 735 1226 Anicium
768 1193 995 1236 senatorem,
1029 1187 1190 1239 eJusque

62 1241 217 1292 negotia
235 1248 273 1280 et
291 1241 535 1294 dignitatem,
556 1239 833 1291 commendat.)

115 1349 235 1389 Caius
246 1350 425 1400 Anicius,
447 1350 646 1389 familiaris
664 1363 788 1399 meus,
810 1349 868 1388 vir
879 1350 1060 1389 omnibus
1078 1352 1192 1390 rebus

61 1413 234 1452 ornatus,
273 1406 516 1457 negotiorum
546 1417 706 1444 suorum
739 1403 853 1443 causa
883 1405 1032 1457 legatus
1065 1412 1121 1443 est
1151 1406 1193 1444 in

61 1458 241 1498 Africam
260 1460 450 1511 legatione
467 1459 600 1499 libera.
641 1460 764 1507 Eum,
785 1459 916 1506 velim,
936 1461 1050 1498 rebus
1068 1460 1194 1498 omni-

63 1514 139 1552 bus
158 1514 345 1564 adjuves3
375 1527 608 1567 operamque
634 1514 716 1563 des,
744 1520 788 1552 ut
817 1527 937 1566 quam
963 1514 1194 1553 commodis-

63 1568 160 1607 sime
192 1581 264 1607 sua
291 1570 445 1621 negotia
469 1569 666 1608 conficiat:
696 1569 737 1607 in
765 1569 977 1620 primisque
1007 1569 1131 1621 (quod
1159 1569 1194 1608 ei

65 1622 307 1661 carissimum
327 1630 400 1673 est)
417 1623 645 1675 dignitatem
664 1625 746 1674 ejus
764 1623 835 1661 tibi
854 1623 1106 1662 commendo:
1136 1623 1196 1662 id-

64 1689 142 1728 que
160 1690 184 1716 a
202 1683 241 1716 te
257 1684 362 1730 peto,
383 1678 489 1730 quod
507 1679 588 1730 ipse
605 1680 647 1717 in
665 1677 864 1730 provincia
888 1677 1010 1716 facere
1029 1690 1116 1716 sum
1136 1691 1196 1717 so-

64 1732 174 1778 litus,
194 1743 272 1770 non
299 1739 469 1784 rogatus,
500 1739 546 1770 ut
574 1733 754 1771 omnibus
784 1731 1020 1770 senatoribus
1047 1732 1197 1771 lictores

64 1785 197 1824 darem
214 1799 227 1832 ;
258 1787 364 1839 quod
378 1787 482 1825 idern
500 1800 721 1839 acceperam
735 1793 772 1825 et
791 1798 1041 1837 cognoveram
1056 1801 1079 1825 a
1090 1800 1198 1825 sum-

68 1840 144 1879 mis
163 1841 254 1879 viris
273 1841 503 1880 factitatum.
534 1842 623 1880 Hoc
642 1841 773 1893 igitur,
787 1841 843 1878 mi
856 1840 1050 1889 Cornifici,
1063 1841 1198 1880 facies:

69 1894 291 1947 caeterisque
319 1897 433 1934 rebus
461 1896 656 1944 omnibus,
687 1897 770 1945 ejus
799 1894 978 1946 dignitati
1001 1895 1147 1948 reique,
1167 1895 1200 1934 si

70 1962 135 1988 me
166 1962 287 1998 amas,
314 1950 502 1990 consules.
544 1950 594 1989 Id
613 1950 684 1990 erit
701 1949 800 1989 mihi
824 1948 1098 2001 gratissimum.
1132 1949 1200 1989 Da

70 2016 228 2056 operam
247 2011 291 2043 ut
310 2005 447 2044 valeas.

134 2230 300 2283 (Epist.)
324 2240 427 2269 vor„
445 2243 476 2269 1.
853 2235 877 2270 2
899 2243 924 2270 L
