1481 2422
322 91 408 131 AD
437 90 741 132 DIVERSOS.
775 90 877 130 Lm.
908 90 964 129 X.
995 92 1036 129 5.
1164 90 1242 127 235

342 202 433 254 (ὃ.)
463 200 677 241 CICERO
705 199 943 240 PLANCO
972 199 1012 239 S.

167 307 497 359 (Argumentum.
514 328 564 337 —·
577 306 722 345 Denuo
742 304 934 344 Plancum
957 302 1008 341 ad
1034 301 1177 352 suscipi
1164 312 1245 339 en-

104 360 201 400 dam
234 361 498 415 tuendamque
521 360 804 431 rempublicam
833 357 1002 398 stimulis
1031 356 1163 410 gloriae
1185 356 1246 396 in-

113 415 260 467 stigat.)

164 524 287 564 Binas
316 539 339 563 a
365 533 402 565 te
431 526 560 578 accepi
584 526 713 564 literas
739 524 873 564 eodem
905 522 1109 575 exemplo3
1140 520 1246 573 quod

108 578 240 630 ipsum
260 588 490 631 argumento
504 580 602 619 mihi
620 580 696 618 fuit
713 579 923 631 diligentiae
942 586 1031 616 tuae.
1062 576 1245 615 Intellexi

111 633 216 671 enim
235 641 273 673 te
291 635 479 684 laborare,
506 643 551 674 ut
570 635 620 674 ad
638 647 702 673 me
721 634 819 672 mihi
845 631 1180 685 exspectatissimae
1198 631 1246 668 li-

102 695 202 726 terae
217 688 487 750 perferrentur.
515 691 582 729 Ex
594 689 736 742 quibus
751 688 834 740 cepi
847 687 1019 726 fructum
1031 685 1243 737 duplicem,

109 742 314 795 mihique
303 756 344 781 m
363 744 649 797 comparatione
673 743 869 782 difficilem
894 742 944 780 ad
969 739 1242 791 judicandum,

109 810 332 837 amoremne
351 811 441 850 erga
459 812 523 837 me
542 807 671 847 tuum,
695 811 745 836 an
765 797 942 836 animum
965 796 1006 834 in
1032 793 1246 855 rempubli-

107 863 210 899 cam,
230 853 352 904 pluris
372 853 644 892 aestimandum
662 860 852 904 putarem.
894 851 970 889 Est
992 849 1151 888 omnino
1176 862 1246 900 pa-

108 906 191 944 triae
210 906 359 955 caritas,
380 921 468 946 meo
486 908 645 970 quidem
661 907 822 957 judicio,
838 906 1033 944 maxima:
1056 903 1121 942 sed
1135 916 1246 941 amor

108 960 395 1013 voluntatisque
419 963 639 1023 conjunctio
668 962 759 1013 plus
779 970 878 1000 certe
896 961 1013 998 habet
1032 957 1243 996 suavitatis.

109 1014 250 1067 Itaque
261 1017 576 1055 commemoratio
587 1024 656 1054 tua
673 1024 844 1068 paternae
862 1013 1165 1060 necessitudinis,
1179 1013 1246 1051 be-

112 1070 416 1122 nevolentiaeque
435 1072 519 1121 ejus
545 1083 666 1122 quam
689 1083 780 1121 erga
802 1082 866 1107 me
886 1082 909 1107 a
926 1066 1090 1120 pueritia
1109 1074 1246 1106 contu-

110 1123 234 1172 lisses,
254 1132 558 1177 caeterarumque
577 1137 708 1162 rerum
727 1137 816 1175 quae
841 1123 891 1162 ad
911 1135 996 1161 eam
1016 1121 1248 1160 sententiam

105 1178 363 1230 pertinebant,
393 1179 658 1218 incredibilem
687 1178 786 1216 mihi
814 1177 990 1216 laetiu'am
1016 1176 1242 1215 attulerunt.

108 1233 262 1271 Rursus
281 1233 485 1272 declaratio
504 1233 627 1272 animi
645 1232 717 1276 tui..
732 1245 850 1284 quem
869 1231 1029 1270 haberes
1048 1230 1096 1268 de
1115 1243 1155 1269 re
1168 1244 1243 1282 pu-

109 1287 227 1335 111103,
248 1300 444 1340 quemque
462 1287 667 1327 habiturus
687 1300 800 1335 esses,
820 1285 919 1324 mihi
938 1293 1018 1324 erat
1040 1285 1243 1334 jucundis-

106 1341 232 1380 sima:
264 1354 387 1394 eoque
416 1344 541 1392 major
569 1350 650 1381 erat
678 1341 761 1381 haec
789 1340 937 1389 laetitia,
969 1339 1073 1392 quod
1099 1339 1149 1379 ad
1173 1339 1244 1378 1113

103 1396 302 1449 superiora
320 1397 534 1436 accedebat.

163 1451 303 1503 Itaque
321 1459 360 1489 te
378 1464 456 1490 non
475 1452 607 1491 hortor
624 1451 768 1499 solum,
788 1449 845 1488 mi
861 1450 1019 1499 Plance,
1040 1448 1107 1488 sed
1126 1449 1242 1502 plane

104 1505 223 1544 etiam
242 1518 323 1553 oro,
345 1507 468 1558 (quod
485 1507 558 1545 feci
575 1506 636 1544 his
655 1506 789 1553 literis,
810 1506 952 1566 quibus
971 1512 1014 1542 tu
1039 1503 1242 1543 humanis-

106 1559 204 1599 sime
222 1561 467 1612 respondisti)
495 1570 541 1600 ut
559 1561 639 1600 tota
657 1569 801 1609 mente,
822 1559 1008 1611 omnique
1026 1559 1147 1597 animi
1166 1559 1242 1597 im-

106 1624 214 1677 petu,
234 1614 275 1652 in
294 1616 575 1668 rempublicam
593 1615 808 1654 incumbas.
840 1614 954 1653 Nihil
967 1622 1036 1662 est,
1050 1613 1155 1665 quod
1171 1614 1241 1653 tibi

106 1669 247 1718 majori
264 1668 409 1709 fructui
427 1671 637 1722 gloriaeque
657 1683 736 1709 esse
757 1669 903 1722 possit·
934 1681 1004 1707 nec
1024 1667 1241 1720 quidquam

105 1736 158 1761 ex
176 1723 358 1763 omnibus
375 1727 491 1763 rebus
509 1725 692 1763 humanis
723 1733 779 1763 est
807 1722 1027 1775 praeclarius
1057 1730 1124 1761 aut
1142 1736 1243 1774 prae-

102 1777 286 1826 stantius,
317 1792 438 1830 quam
467 1779 517 1818 de
545 1779 744 1831 republica
775 1780 873 1817 bene
904 1777 1055 1817 mereri.
1093 1777 1242 1816 Adhuc

105 1832 212 1871 enim
231 1833 377 1885 patitur
395 1841 465 1872 tua
483 1847 637 1872 summa
654 1833 877 1872 humanitas
895 1840 932 1871 et
944 1831 1144 1884 sapientia,
1160 1844 1239 1880 1110,

104 1886 210 1938 quod
229 1888 408 1950 sentiam,
426 1888 546 1927 libere
565 1888 700 1927 dicere.
730 1888 906 1927 Fortuna
919 1887 1222 1938 suffragantem

102 1941 207 1980 deris
225 1955 285 1980 res
302 1943 496 1981 maximas
516 1950 763 1982 consecutus·
785 1941 890 1994 quod
903 1954 1144 2006 quamquam
1159 1940 1241 1979 51110

106 1995 249 2034 virtute
266 2009 344 2036 non
363 1997 756 2049 Ρο11115505ς13111011,
777 2010 826 2035 ex
843 1996 1019 2035 maxima
1037 2002 1160 2047 parte,
1181 2008 1240 2043 αι,

107 2063 198 2101 quae
216 2064 256 2089 es
274 2051 451 2103 adeptus,
471 2052 636 2090 fortunae
657 2052 974 2104 temporibusque
1001 2051 1238 2088 tribuuntur.

107 2104 184 2143 His
197 2107 435 2166 temporibus
450 2106 700 2155 difficillimis,
714 2105 934 2157 reipublicae
945 2104 1137 2157 quidquid
1148 2106 1239 2142 sub-

105 2159 268 2209 veneris,
299 2160 340 2198 id
366 2161 438 2200 erit
456 2169 583 2199 totiun
602 2168 640 2200 et
672 2160 826 2213 proprie
851 2167 978 2198 tuum.
1008 2158 1240 2197 Incredibile

100 2221 163 2253 aet
189 2214 374 2255 omnium
398 2215 558 2267 civium,
585 2215 800 2259 latronibus
824 2215 1005 2269 exceptiS,
1039 2213 1173 2257 odium
1199 2213 1240 2255 in
