1481 2422
194 120 273 159 396
383 119 465 157 AD
496 117 793 158 DIVERSOS.
822 118 922 156 11113.
944 117 1046 157 XII.
1075 119 1141 158 30.

240 227 304 266 De
321 227 434 266 Attio
448 226 636 278 Dionysio
649 226 748 265 nihil
770 233 865 278 puto
883 238 978 275 esse,
1006 225 1191 278 quoniam
1207 223 1307 264 mihi

183 281 282 320 nihil
300 281 400 320 dixit
422 281 640 320 Stratorius.
669 281 733 319 De
752 281 799 319 P.
819 280 985 319 Lucceio
1001 280 1100 319 nihil
1117 279 1189 319 tibi
1213 291 1307 319 con-

181 335 288 384 cedO,
319 349 396 387 quo
424 335 626 374 studiosior
655 336 738 385 ejus
763 335 827 383 sis,
853 346 972 386 quam
1000 347 1070 386 ego
1097 346 1199 373 sum.
1230 334 1307 372 Est

182 390 286 428 enim
316 389 425 428 nobis
451 390 692 427 necessarius.
729 389 805 428 Sed
830 402 853 426 a
877 388 1067 439 magistris
1094 401 1184 427 cum
1213 399 1307 427 con-

180 443 375 482 tenderem
393 443 441 482 de
457 443 682 495 proferendo
701 442 776 490 die,
801 444 1059 494 probaverunt
1075 442 1187 490 mihi,
1207 454 1302 489 sese,

180 497 388 549 quominus
406 497 447 536 id
464 497 644 545 facerent,
658 504 695 536 et
713 496 984 548 compromisso
1003 504 1041 535 et
1050 495 1302 546 jurejurando

177 551 367 603 impediri.
397 551 529 600 Quare
541 551 772 590 veniendum
783 550 945 589 arbitror
957 550 1122 589 Lucceio
1135 565 1146 588 :
1163 562 1302 602 quarn-

179 619 313 657 quam,
334 605 366 643 si
391 606 487 644 meis
507 605 626 644 literis
643 604 937 656 obtemperavit,
965 617 1055 643 cum
1073 611 1117 643 tu
1139 603 1222 643 haec
1245 604 1302 642 le-

179 672 259 711 ges,
279 659 392 698 illum
411 661 550 698 Romae
569 672 648 698 esse
666 658 866 710 oportebit.

236 713 392 752 Caeteris
422 713 470 752 de
494 715 620 761 rebus,
652 713 900 764 maximeque
927 712 976 752 de
1004 712 1183 765 pecunia,
1213 724 1304 752 cum

182 767 322 806 Pansae
339 776 504 805 mortem
527 768 737 818 ignorares,
762 767 954 818 scripsisti,
975 781 1063 819 quae
1079 780 1150 819 per
1167 779 1236 805 nos
1255 768 1305 805 ab

180 834 225 860 eo
243 821 423 873 consequi
445 829 483 860 te
507 834 616 872 posse
641 822 875 860 arbitrarere.
905 820 1008 869 Quae
1033 828 1071 860 te
1095 834 1173 860 non
1196 820 1306 859 fefel-

179 876 325 924 lissent,
350 876 382 914 si
400 876 565 913 viveret:
596 888 688 913 nam
718 882 756 914 te
783 875 978 926 diligebat.
1021 876 1116 914 Post
1137 882 1303 914 mortem

181 937 312 968 autem
332 930 427 979 ejus,
450 929 544 980 quid
562 929 645 967 fieri
663 937 807 980 posset,
827 941 906 967 non
925 929 1161 968 videbamus.

236 983 300 1022 De
315 983 520 1031 Venuleio,
541 983 697 1031 Latino,
719 983 897 1032 Horatio,
913 984 1023 1022 valde
1040 983 1168 1022 laudo.
1198 981 1307 1021 Illud

180 1051 259 1076 non
274 1037 440 1075 nimium
459 1039 593 1088 probo,
610 1037 715 1088 quod
729 1037 872 1085 scribis,
885 1050 963 1089 quo
973 1037 1032 1075 illi
1046 1037 1175 1076 animo
1185 1036 1308 1088 aequi-

181 1105 246 1130 ore
273 1091 430 1138 ferrent,
461 1098 498 1129 te
526 1091 602 1129 tuis
632 1091 744 1130 etiam
775 1091 910 1142 legatis
932 1091 1081 1140 lictores
1107 1091 1306 1130 ademisse.

182 1146 343 1184 Honore
360 1145 463 1184 enim
481 1145 589 1196 digni
609 1158 698 1183 cum
723 1145 936 1196 ignominia
953 1145 1079 1196 dignis
1103 1157 1181 1183 non
1199 1151 1308 1183 erant

185 1200 455 1251 comparandi:
487 1213 639 1252 eosque,
660 1212 708 1237 ex
733 1200 1075 1238 senatus-consulto
1093 1199 1125 1237 si
1142 1211 1220 1237 non
1238 1197 1306 1236 de-

185 1254 340 1300 cedunt,
356 1253 541 1305 cogendos
560 1261 604 1292 ut
622 1253 818 1301 decedant,
834 1253 1022 1292 existimo.
1051 1253 1149 1292 Haec
1166 1252 1244 1291 fere
1257 1252 1307 1290 ad

184 1321 247 1346 eas
274 1308 415 1355 literas,
445 1321 541 1359 quas
570 1307 703 1347 eodem
733 1307 910 1360 exemplo
935 1307 1044 1346 binas
1068 1306 1208 1359 accepi.
1243 1305 1308 1344 De

185 1362 347 1414 reliquo,
369 1362 483 1400 velim
509 1362 579 1401 tibi
597 1361 836 1412 persuadeas,
856 1373 934 1401 non
960 1375 1039 1401 esse
1064 1360 1163 1400 mihi
1180 1371 1308 1400 meam

186 1416 412 1467 dignitatem
432 1416 502 1454 tua
519 1418 714 1456 cariorem.
743 1415 855 1455 Vale.

331 1787 675 1816 EPISTOLARUM
707 1786 830 1814 '10:⁸11
863 1786 1003 1814 PRIMI
1035 1783 1176 1812 1⁴·1le.

414 2265 589 2290 xxcum'r
617 2266 651 2290 Τ.
680 2265 867 2296 DAVssON,
900 2263 1079 2289 Lonffl.
