1481 2422
181 102 261 139 258
372 100 456 141 AD
485 100 785 141 DIVERSOS.
817 101 921 140 Lm.
952 100 1029 141 IX.
1062 102 1124 140 13.

187 222 328 261 eosque
344 209 399 248 ita
417 218 587 257 excusat,
613 217 658 248 ut
677 210 863 259 ostendat,
883 223 975 249 casu
993 209 1164 261 quodam
1191 216 1229 249 et
1247 221 1318 248 ne-

189 264 360 369 cessi3ate
378 272 538 313 coactos,
561 264 737 316 Pompeii
755 273 881 317 partes
899 265 941 303 in
960 264 1153 316 Hispania
1167 272 1318 304 secutos

192 330 282 357 esse.

247 425 364 465 Caius
384 427 611 475 Suberinus,
640 426 822 475 Calenus,
843 436 882 467 et
898 441 1008 466 meus
1027 434 1086 466 est
1101 427 1321 489 familiaris,

192 488 230 520 et
268 481 405 533 Leptae
441 482 560 521 nostri
596 482 885 520 familiarissimi
921 482 1232 543 pernecessarius.
1278 481 1322 520 ls

193 548 299 582 cum,
319 535 467 574 vitandi
485 537 577 575 belli
596 550 722 583 causa,
742 536 938 587 profectus
959 544 1055 575 esset
1072 536 1113 574 in
1135 535 1323 602 Hispani-

192 602 258 628 am
270 603 359 628 cum
380 591 443 628 M.
466 591 640 629 Varrone
655 598 742 628 ante
761 591 923 637 bellum,
943 598 988 628 ut
1006 590 1047 628 in
1063 604 1108 629 ea
1126 589 1325 642 provincia

194 651 306 691 esset,
326 644 367 681 in
388 645 468 696 qua
486 657 601 682 nemo
619 647 808 691 nostrum,
828 652 915 696 post
934 644 1144 683 Afranium
1166 656 1325 695 supera-

192 705 295 745 tum,
324 699 473 737 bellum
491 699 619 736 ullum
647 698 728 736 fore
755 699 936 760 putarat,
926 712 935 722 ·
966 698 1101 737 incidit
1118 699 1159 736 in
1178 711 1224 736 ω
1240 697 1325 749 ipsa

195 754 314 800 mala,
345 766 433 804 quae
458 765 612 791 summo
632 752 759 791 studio
789 753 986 791 vitaverat.
1029 751 1248 804 Oppressus
1267 758 1326 790 est

198 806 302 844 enim
332 807 434 845 bello
467 807 692 858 repentin03
724 806 828 857 quod
853 807 1017 854 bellum,
1044 813 1284 845 commotum
1302 818 1326 844 a

199 860 379 911 Scapula,
400 861 454 899 ita
476 868 607 913 postea
636 861 906 900 confirmatum
932 868 989 899 est
1017 874 1041 898 a
1060 860 1261 912 Pompeio,
1281 867 1326 898 ut

197 915 308 953 nulla
326 915 472 954 ratione
486 928 526 954 se
545 916 594 953 ab
608 915 676 953 illa
688 914 840 953 miseria
852 915 996 966 eripere
1008 922 1146 966 posset.
1175 913 1327 953 Eadem

199 982 314 1007 causa-
333 969 410 1008 fere
430 977 486 1008 est
514 969 576 1007 M.
597 969 726 1007 Planii
755 969 934 1018 Heredis,
960 969 1028 1021 qui
1056 977 1112 1008 est
1133 969 1228 1008 item
1249 966 1328 1009 Ca-

198 1024 323 1070 lenus,
345 1024 482 1075 Leptae
500 1023 619 1062 nostri
637 1023 973 1062 familiarissimus.

256 1078 385 1116 Hosce
412 1077 531 1128 igitur
549 1079 664 1116 ambo
691 1077 763 1115 tibi
781 1077 834 1116 sic
853 1076 1094 1124 commendo,
1115 1083 1160 1114 ut
1183 1077 1331 1127 majore

203 1132 309 1178 curii,
334 1131 474 1179 studio,
510 1131 765 1170 sonicitudine
789 1131 924 1179 animi,
955 1130 1223 1170 commendare
1249 1143 1328 1170 non

201 1187 358 1238 possim.
406 1186 509 1225 Volo
534 1186 707 1237 ipsorum
737 1186 875 1224 causa:
905 1199 1047 1237 meque
1075 1185 1116 1223 in
1143 1198 1188 1224 eo
1216 1185 1328 1224 vehe-

201 1248 350 1279 menter
369 1248 407 1279 et
431 1240 599 1278 amicitia
624 1247 752 1278 movet
771 1247 808 1279 et
825 1239 1058 1278 humanitas.
1095 1239 1222 1292 Lepta
1239 1252 1330 1279 vero

203 1308 293 1333 cum
312 1295 367 1333 ita
384 1295 544 1342 laboret,
566 1302 610 1332 ut
629 1295 712 1344 ejus
730 1294 895 1332 fortunae
913 1294 1116 1333 videantur
1132 1294 1174 1332 in
1199 1293 1332 1333 discri-

204 1361 296 1387 men
315 1349 471 1394 venire3
501 1361 579 1386 non
608 1361 767 1400 possum
796 1361 867 1399 ego
885 1361 964 1386 non
982 1356 1051 1387 aut
1076 1348 1253 1400 proxime
1271 1355 1330 1386 at-

205 1416 281 1455 que
298 1403 378 1449 ille,
400 1410 469 1441 aut
487 1403 603 1441 etiam
623 1415 745 1454 aeque,
766 1401 950 1441 laborare.
979 1402 1240 1454 Quapropter,
1260 1401 1332 1441 etsi

205 1470 306 1508 saepe
321 1465 500 1508 expertus
515 1470 616 1504 sum,
631 1463 822 1509 quantum
841 1470 905 1495 me
924 1469 1096 1502 amares;
1128 1464 1256 1495 tamen
1277 1456 1332 1495 sic

206 1512 323 1550 velim
338 1511 409 1549 tibi
423 1511 665 1562 persuadeas,
685 1510 726 1548 id
745 1523 808 1548 me
826 1510 868 1548 in
886 1511 959 1550 hac
978 1524 1018 1549 re
1037 1510 1208 1549 maxime
1222 1509 1330 1561 judi-

206 1574 395 1604 caturum.
427 1566 523 1603 Peto
541 1565 659 1616 igitur
677 1578 700 1602 a
714 1572 765 1611 te,
786 1565 861 1612 vel,
882 1564 913 1604 si
931 1565 1085 1627 pateris,
1104 1577 1186 1614 oro,
1205 1565 1332 1603 utho-

206 1619 331 1657 mines
343 1619 514 1667 miseros,
531 1627 569 1657 et
586 1619 741 1657 fortuna
755 1619 894 1670 (quam
906 1620 1026 1658 vitare
1038 1631 1153 1658 nemo
1171 1617 1332 1670 potest),

205 1674 331 1725 magis
342 1687 461 1725 quam
479 1674 609 1725 culpa,
626 1673 877 1720 calamitosos,
891 1686 1085 1712 conserves
1096 1673 1331 1712 incolumes·

208 1728 380 1779 velisque
411 1741 481 1779 per
506 1735 544 1766 te
571 1741 635 1766 me
664 1728 736 1766 hoc
760 1727 931 1766 muneris
955 1740 1044 1766 cum
1077 1727 1169 1779 ipsis
1198 1727 1335 1766 amicis

207 1781 446 1829 hominibus,
479 1788 565 1820 tum
601 1781 813 1834 municipio
839 1780 997 1831 Caleno,
1031 1793 1199 1833 quocum
1234 1781 1334 1820 mihi

207 1847 352 1887 magna
375 1835 614 1874 necessitudo
632 1843 701 1885 αεὶ,
728 1843 813 1874 tum
838 1836 988 1888 Leptae,
1015 1849 1133 1888 quem
1152 1835 1334 1875 omnibus

210 1897 414 1941 antepono,
434 1890 538 1929 dare.

265 1943 384 1992 Quod
402 1944 573 1983 dicturus
598 1957 700 1992 sum,
728 1952 824 1997 puto
851 1944 1031 1997 equidem
1049 1955 1127 1982 non
1151 1943 1262 1982 valde
1284 1943 1336 1983 ad

208 2010 292 2036 rem
310 1998 498 2049 pertinere
514 2013 526 2045 ς
558 1998 623 2037 sed
634 2006 764 2037 tamen
779 1999 877 2037 nihil
890 2001 998 2038 obest
1011 1998 1146 2037 dicere.
1177 1998 1257 2036 Res
1274 1998 1334 2036 fa-

207 2051 368 2090 minaris
394 2052 503 2091 alteri
540 2065 672 2091 eorum
705 2053 815 2092 valde
853 2053 994 2104 exigua
1019 2059 1089 2100 est,
1120 2051 1229 2090 alteri
1266 2051 1333 2091 vix

209 2106 404 2157 equestris.
437 2107 696 2158 Quapropter,
718 2107 873 2159 quando
891 2107 951 2145 his
977 2107 1106 2146 Caesar
1125 2106 1245 2145 vitam
1264 2104 1336 2144 su&

206 2159 434 2199 liberalitate
446 2161 642 2207 concessit,
658 2173 728 2200 nec
746 2169 815 2209 est,
835 2161 940 2214 quod
963 2160 1009 2199 iis
1025 2168 1208 2213 praeterea
1224 2173 1337 2211 mag-

210 2226 349 2266 nopere
367 2215 485 2267 possit
503 2215 645 2260 adimi3
681 2215 863 2265 reditum,
892 2215 923 2255 si
948 2227 1013 2254 me
1044 2222 1195 2254 tantum
1214 2227 1335 2262 amaS‚
