1501 2407
329 105 413 144 AD
441 105 738 146 DIVERSOS.
768 106 867 145 LIB.
903 105 979 145 VI.
1011 108 1049 145 (1.
1173 105 1249 142 165

132 219 202 253 aut
211 212 421 278 impetrata
439 215 561 266 (quod
579 215 723 266 spero),
750 223 818 253 aut
843 214 973 267 aliqua
997 213 1142 253 ratione
1161 224 1251 252 con-

132 265 241 359 flecta·
283 268 548 317 Quamobrem
567 282 697 308 censeo
721 282 863 321 magno
881 282 994 321 opere
1012 279 1252 307 commoran-

160 334 241 359 um.

188 376 239 414 T.
261 376 447 416 Furfanio
473 378 674 426 Postumo,
705 377 885 416 familiari
909 389 1010 423 meo,
1040 375 1252 427 legatisque

134 430 230 479 ejus,
250 430 344 469 item
361 431 457 470 meis
482 432 750 480 familiaribus,
779 431 1065 492 diligentissime
1092 438 1128 467 te
1148 442 1252 468 com-

134 484 339 533 mendabo,
359 498 448 524 cum
466 487 662 525 venerint.
684 494 791 524 erant
805 486 908 524 enim
927 497 1058 523 omnes
1070 484 1146 522 Mu
1134 484 1251 521 tinae.

136 537 225 577 Viri
243 546 332 577 sunt
349 540 500 591 optimi,
520 548 557 578 et
575 540 633 578 tui
651 540 836 578 similium
855 539 1027 587 studiosi,
1041 546 1078 576 et
1095 538 1173 576 mei
1187 550 1254 575 ne-

136 592 297 631 cossarii.
337 594 439 642 Quae
463 594 561 633 mihi
578 595 730 633 venient
758 595 798 632 in
827 601 1012 640 mentem,
1044 605 1131 644 quae
1150 591 1199 630 ad
1217 597 1256 628 te

137 643 325 697 pertinere
343 649 568 695 arbitrabor,
589 662 633 687 ea
651 649 738 687 mea
757 656 890 700 sponte
908 647 1059 685 faciam.
1102 646 1143 685 Si
1162 644 1257 697 quid

137 700 335 752 ignorabo,
349 702 396 741 de
415 716 459 741 eo
477 703 708 750 admonitus,
729 703 904 741 omnium
924 701 1050 740 studia
1067 701 1230 739 vincam.

194 754 282 806 Ego
307 756 376 794 etsi
394 770 520 795 coram
540 757 586 795 de
604 764 642 795 te
660 770 749 795 cum
768 756 982 795 Furfanio
972 764 1025 794 lta
1041 755 1191 806 loquar,
1212 761 1258 791 ut

139 808 211 847 tibi
227 809 345 848 literis
364 811 459 849 meis
478 811 526 849 ad
545 824 633 849 eum
651 811 750 849 nihil
772 824 868 863 opus
886 810 959 855 sit3
988 818 1132 857 tamen,
1161 821 1258 860 quo-

141 863 247 901 niam
264 864 340 903 tuis
359 865 516 916 placuit,
531 872 568 903 te
586 865 725 903 habere
738 878 842 903 meas
855 865 998 911 literas,
1013 876 1108 915 quas
1124 862 1158 901 ei
1171 862 1258 899 red-

140 916 262 966 deroe,
281 931 428 957 morem
446 919 505 957 his
524 919 632 971 gessi.
661 919 811 958 Earum
825 919 1022 958 literarum
1035 917 1257 969 exemplum

140 971 241 1010 infra
258 972 442 1025 scriptum
461 981 527 1012 aet.
557 973 596 1013 V
598 973 668 1012 ale.

196 1133 285 1184 (9.)
319 1133 382 1173 M.
396 1135 447 1174 T.
461 1135 507 1174 C.
537 1135 589 1173 T.
618 1135 937 1230 FSUIssFANIO,
965 1134 1202 1174 PROCOS.

195 1296 519 1347 (Argumentum.
536 1321 590 1328 -
602 1299 734 1346 Brevi,
750 1299 817 1338 sed
834 1299 1000 1352 perfecto
1014 1297 1262 1338 commenda-

139 1349 254 1389 tionis
273 1353 463 1405 exemplO,
485 1353 678 1393 Caecinam
698 1355 882 1393 Furfanio
901 1353 1174 1401 commendat.)

195 1457 300 1499 Cum
317 1460 372 1499 A.
393 1460 546 1500 Caecina
564 1469 670 1501 tanta
687 1463 785 1502 1111111
803 1462 1041 1501 familiaritas
1059 1469 1260 1501 consuetu-

140 1512 267 1565 doque
285 1527 434 1577 semper
451 1516 540 1565 fuit,
561 1525 605 1555 ut
624 1518 731 1555 nulla
749 1519 873 1567 major
893 1530 971 1555 esse
989 1517 1120 1568 possit.
1150 1517 1258 1555 Nam

141 1575 180 1605 et
197 1576 304 1619 patre
323 1571 421 1619 ejus,
448 1571 549 1609 01310
566 1571 722 1610 homine
751 1580 787 1610 et
812 1572 902 1610 forti
920 1571 1015 1619 viru,
1044 1571 1260 1623 plurimum

141 1622 203 1660 usi
221 1636 380 1669 sumus;
411 1630 448 1662 et
465 1624 569 1663 hunc
587 1638 611 1663 a
627 1639 747 1677 puero
760 1626 881 1677 (quod
900 1633 936 1663 et
955 1639 1062 1677 spem
1077 1638 1261 1676 magnam

142 1675 241 1714 mihi
270 1677 450 1716 afferebat
480 1691 644 1718 summae
675 1679 888 1732 probitatis,
920 1692 1158 1741 summaeque
1183 1679 1262 1718 elo-

144 1731 325 1781 quentiae,
345 1738 383 1770 et
399 1732 551 1771 vivebat
571 1746 725 1772 mecum
756 1733 1077 1783 conjunctissime,
1105 1745 1182 1771 non
1202 1746 1264 1772 so-

143 1783 226 1822 lum
248 1785 378 1824 officiis
396 1787 586 1835 amicitiae,
607 1788 673 1827 sed
691 1788 806 1827 etiam
821 1787 956 1826 studiis
971 1788 1260 1838 communibus)

145 1838 200 1877 510
218 1852 365 1900 semper
384 1839 516 1889 dilexi,
536 1850 582 1879 ut
599 1855 677 1880 non
695 1843 777 1881 ullo
796 1855 886 1881 cum
907 1842 1064 1880 homine
1082 1843 1265 1891 conjunc-

146 1892 223 1931 tius
234 1893 412 1932 viverem.
443 1895 556 1933 Nihil
573 1896 708 1935 attinet
724 1910 788 1935 me
801 1897 915 1948 plura
929 1896 1100 1934 scribere.
1130 1895 1265 1943 Quam

146 1947 246 1985 mihi
263 1959 412 1986 necesse
430 1948 492 1997 sit,
524 1951 606 2011 ejus
632 1951 795 1989 salutem
824 1957 861 1988 et
886 1950 1072 1996 fortunas,
1105 1951 1265 2002 quibus-

147 2012 315 2053 cumque
341 2004 455 2040 rebus
479 2004 640 2054 possim,
670 2005 783 2053 tueri,
803 2004 920 2042 vides.
960 2004 1175 2056 Reliquum
1196 2013 1266 2053 est,

148 2061 207 2101 ut,
228 2068 318 2093 cum
337 2058 533 2107 cognmim
549 2058 726 2109 pluribus
750 2060 880 2106 rebus,
901 2058 996 2109 quid
1014 2066 1058 2096 tu
1078 2066 1115 2096 et
1133 2058 1180 2097 de
1197 2060 1268 2097 bo-

149 2119 290 2147 norum
308 2110 476 2159 fortuna,
506 2119 543 2150 et
561 2112 609 2151 de
632 2113 850 2164 reipublicae
869 2112 1162 2161 calamitatibus,
1182 2125 1269 2151 sen-

151 2161 256 2212 tires,
275 2163 373 2202 nihil
390 2177 414 2202 a
431 2171 469 2203 te
485 2173 630 2217 petam,
649 2167 737 2214 nisi,
760 2175 804 2205 ut
827 2167 876 2205 ad
901 2179 987 2204 eam
1014 2167 1266 2216 voluntatem,

153 2229 273 2268 quam
292 2218 359 2257 tua
377 2226 512 2270 sponte
530 2233 619 2272 erga
637 2220 829 2261 Caecinam
849 2221 1050 2260 habiturus
1064 2233 1177 2271 esses,
1185 2229 1270 2260 tan
