1481 2422
266 121 345 167 378
441 119 525 157 AD
554 117 852 174 DIVERSQS.
882 116 983 155 Lm.
1012 117 1115 157 XII.
1148 117 1210 156 15.

269 230 393 269 duum
421 228 592 267 millium
620 226 865 280 amphoram,
898 232 1122 276 contractas,
1150 225 1193 264 in
1222 224 1347 279 Lycia
1373 242 1397 268 a

267 285 385 324 classe
404 285 487 334 ejus
505 282 682 322 obsideri.

324 339 459 388 Hujus
477 337 531 376 rei
550 337 698 384 timore,
722 342 848 387 patres
875 334 1090 396 conscripti,
1121 335 1302 387 percitus,
1332 336 1396 375 in-

266 393 387 454 jurias
401 391 565 454 perpeti,
587 398 637 437 et,
654 403 743 429 cum
763 389 996 427 oontumelia
1013 388 1130 426 etiam
1148 388 1290 438 1105118,
1310 403 1398 429 om-

269 447 334 486 nia
352 446 458 499 prius
479 445 641 497 experiri
660 443 794 482 malui.
825 443 963 494 Itaque
977 443 1027 480 ad
1043 442 1202 481 illorum
1219 444 1398 483 volunta-

269 509 350 541 tem
377 500 616 539 introductus
644 512 686 536 in
718 500 869 545 urbem,
901 503 940 535 et
968 496 1010 535 in
1040 503 1216 536 senatum
1249 511 1397 548 eorum,

271 568 391 608 quam
417 552 706 605 diligentissime
727 551 851 604 potui,
881 563 1035 589 causam
1064 551 1285 602 reipublicae
1311 554 1398 605 881·

271 609 565 668 periculumque
584 619 713 655 omne,
743 605 848 658 quod
865 605 1036 653 instaret,
1058 605 1090 643 si
1107 605 1174 644 ille
1189 606 1288 646 latro
1306 620 1398 646 cum

271 664 454 703 omnibus
473 675 549 700 suis
568 674 683 699 naves
700 659 989 708 conscendisset,
1010 660 1182 712 exposui.

330 717 506 756 Rhodios
525 723 651 754 autem
673 715 781 754 tanta
798 714 840 752 in
865 714 1053 766 pravitate
1070 714 1335 765 animadverti,
1355 723 1402 755 ut

273 784 409 811 omnes
423 770 608 810 firmiores
626 776 820 822 putarent,
834 781 954 821 quam
968 770 1112 807 bonos·
1100 797 1113 815 ‚
1142 776 1188 807 ut
1200 769 1301 808 hanc
1312 782 1403 809 oon-

276 825 445 865 cordiam
465 832 502 864 et
520 824 839 876 conspirationem
868 822 1046 861 omnium
1069 823 1250 862 ordinum
1268 824 1319 862 ad
1337 824 1404 862 (18-

274 878 508 918 fendendam
537 879 753 918 libertatem
780 889 967 930 propense
995 889 1074 915 non
1103 878 1299 917 crederent
1325 891 1406 917 esse

276 934 445 980 factam,
434 948 443 957 ·
474 941 520 972 ut
544 933 768 985 patientiam
787 933 953 980 senatus,
979 938 1018 970 et
1035 931 1172 983 optimi
1200 933 1403 984 cujusque,

279 1001 436 1027 manere
454 988 570 1026 etiam
589 1000 692 1026 1111118
711 986 955 1034 confiderent,
976 998 1047 1024 nec
1070 985 1241 1038 potuisse
1266 986 1407 1025 audere

280 1055 519 1104 quemquam
533 1041 780 1081 Dolabellam
797 1041 948 1079 hostem
963 1040 1160 1102 judicare;
1181 1047 1227 1079 ut
1239 1041 1406 1093 denique

280 1097 426 1145 omnia,
447 1110 534 1148 quae
551 1096 718 1148 improbi
737 1096 947 1147 fingebant,
966 1094 1092 1146 magis
1105 1107 1195 1134 vera
1211 1095 1408 1134 existima-

281 1158 381 1199 rent,
402 1164 521 1203 quam
540 1164 626 1203 quae
645 1163 732 1188 vere
758 1150 859 1188 facta
886 1156 1007 1197 erant,
1039 1156 1077 1187 et
1105 1163 1130 1188 a
1157 1149 1268 1188 nobis
1296 1149 1409 1188 doce-

279 1207 433 1246 bantur.
475 1205 568 1253 Qua
586 1212 727 1252 mente,
741 1205 871 1252 etiam,
887 1211 976 1242 ante
989 1210 1164 1242 nostrum
1182 1203 1407 1251 adventum,

280 1267 368 1312 post
386 1259 572 1298 Trebonii
600 1259 910 1310 indignissimam
934 1257 1092 1306 caedem,
1123 1266 1334 1310 caeteraque
1350 1265 1410 1297 tot

281 1322 442 1366 tamque
458 1314 604 1353 nefaria
616 1313 797 1360 facinora,
816 1312 919 1351 binae
936 1312 1114 1364 profectae
1132 1320 1241 1351 erant
1257 1311 1307 1350 ad
1324 1311 1410 1351 Do-

281 1369 465 1408 labellam
483 1368 690 1420 legationes
706 1380 854 1414 eorum,
875 1373 913 1404 et
931 1365 1088 1417 quidem
1101 1378 1202 1405 novo
1215 1366 1408 1418 exemplo,

284 1430 416 1462 contra
432 1422 569 1474 18885
559 1435 745 1473 ipsorum,
765 1420 1082 1473 prohibentibus'
1072 1420 1118 1459 iis
1136 1421 1205 1472 qui
1222 1428 1309 1459 tum
1327 1433 1411 1459 ma-

284 1477 468 1529 gistratus
485 1478 679 1537 gerebant.

341 1531 453 1593 11888,
475 1531 552 1569 sive
570 1530 707 1569 timore
735 1531 798 1573 (ut
827 1527 1018 1578 dictitant)
1049 1529 1096 1568 de
1125 1529 1225 1581 agris
1253 1541 1350 1581 quos
1370 1529 1413 1568 in

286 1585 497 1625 continenti
514 1585 672 1633 habent,
697 1585 775 1623 sive
799 1583 940 1631 furore,
971 1583 1049 1622 sive
1075 1583 1248 1646 potentia
1270 1595 1413 1635 pauco-

286 1653 391 1688 rum,
418 1639 487 1691 qui
505 1647 542 1678 et
569 1647 682 1677 antea
705 1638 788 1691 pari
806 1638 1041 1677 contumelia
1062 1639 1162 1677 viros
1187 1637 1414 1677 clarissimos

286 1694 515 1740 affecerant;
546 1701 583 1732 et
607 1706 725 1743 nunc,
753 1693 945 1731 maximos
962 1693 1209 1744 magistratus
1225 1699 1414 1744 gerentes,

286 1748 396 1788 nullo
415 1748 607 1809 exemplo,
627 1761 753 1800 neque
773 1746 938 1800 [vestra]
960 1760 1008 1785 ex
1035 1754 1157 1798 parte,
1182 1759 1308 1798 neque
1326 1758 1416 1784 nos-

286 1810 347 1842 tro
364 1802 627 1855 praesentium,
644 1815 769 1854 118(1118
787 1801 1005 1840 imminenti
1020 1801 1144 1840 Italiae
1138 1801 1318 1862 ’urbique
1328 1812 1415 1839 nos-

288 1865 372 1905 trae,
401 1857 584 1909 periculO,
615 1856 648 1895 si
674 1856 740 1894 ille
766 1855 955 1908 parricida
972 1868 1062 1894 cum
1090 1855 1168 1894 suis
1186 1854 1412 1903 latronibus,

287 1911 465 1960 navibus,
483 1924 531 1949 ex
549 1910 648 1950 Α518
662 1909 848 1962 Syriaque
862 1910 1059 1962 expulsus,
1075 1909 1232 1948 Italiam
1243 1909 1414 1960 peffisset,

289 1965 437 2005 mederi
463 1978 554 2004 cum
580 1965 691 2004 facile
719 1972 886 2016 possent,
915 1962 1172 2026 [voluerunt]
1203 1962 1415 2001 Nonnullis

291 2020 409 2059 etiam
427 2020 502 2072 ipsi
520 2019 766 2071 magistratus
784 2018 1014 2057 veniebant
1002 2031 1045 2056 in
1063 2017 1330 2070 suspicionem,
1349 2016 1418 2054 de-

291 2074 452 2113 tinuisse
470 2087 555 2122 nos,
575 2082 613 2112 et
630 2073 816 2112 demorati
830 2085 923 2121 esse,
943 2073 1039 2110 dum
1057 2072 1185 2112 classis
1203 2070 1419 2110 Dolabellae

293 2128 429 2167 certior
446 2128 553 2167 fieret
570 2128 618 2166 de
636 2128 803 2166 adventu
828 2135 969 2166 nostro.
1013 2127 1145 2175 Quam
1165 2125 1419 2177 suspicionem

295 2190 505 2222 consecutae
519 2196 577 2221 res
591 2183 737 2234 aliquot
756 2188 972 2227 auxerunt3
1002 2181 1188 2228 maxime,
1203 2178 1309 2231 quod
1327 2180 1419 2217 sub-

295 2236 351 2277 ito
379 2250 427 2277 ex
460 2237 583 2288 Lycia
603 2239 690 2278 Sex.
714 2235 867 2277 Marius
897 2243 933 2274 et
959 2235 1004 2276 C.
1026 2235 1172 2282 Titius,
1201 2232 1318 2285 legati
1336 2232 1420 2273 Do-
