1501 2407
215 111 295 149 224
400 108 483 148 AD
513 107 809 149 DIVERSOS.
841 108 942 148 1113.
962 106 1087 148 VIII.
1115 107 1156 145 6.

405 218 496 266 (6.)
523 217 747 258 COELIUS
776 216 1059 257 CICERONI
1087 215 1128 254 S·

261 325 586 376 (Argumentum.
599 325 805 364 —Scribit
833 325 881 364 de
908 325 1044 377 Appio
1073 337 1097 362 a
1124 320 1332 361 Dolabella

173 379 178 382 ’
207 388 405 418 accusato.
437 380 484 419 de
505 379 698 419 Ciceronis
716 379 853 427 officio,
884 391 933 418 ne
957 391 1097 431 pamm
1114 375 1333 416 reconcilia-

208 444 271 472 tus
289 434 423 486 Appio
442 434 639 472 videatur:
662 433 709 472 de
724 433 1008 472 affinitatecurn
1022 431 1253 472 Dolabella
1238 442 1333 481 Jun-

207 488 360 539 genda:
391 488 439 527 de
458 502 498 527 re
516 488 683 540 publica·
685 495 701 536 )

260 596 354 635 Non
383 596 532 644 dubito,
565 596 660 648 quin
686 597 879 648 perlatum
901 596 951 635 ad
969 602 1007 634 te
1025 595 1087 643 sit,
1107 594 1288 646 Appium
1307 606 1331 631 a

206 649 412 689 Dolabella
439 663 549 689 reum
576 651 752 696 factum3
783 663 872 689 sane
905 663 1024 702 quam
1051 661 1130 687 non
1159 648 1218 695 53,
1251 661 1331 699 qua

207 705 528 752 existimaveram,
544 703 701 743 invidia„
732 705 872 756 Neque
891 704 994 742 enim
1014 703 1128 742 stulte
1148 702 1328 762 Appiusg

204 758 287 810 qui,
307 758 427 797 simul
450 767 566 810 atque
593 758 800 797 Dolabella
824 758 978 797 accessit
1001 757 1050 796 ad
1066 756 1250 804 tribunal,
1269 755 1330 793 in-

203 813 360 851 troierat
376 812 417 850 in
435 813 599 861 Urbem,
619 812 884 864 triumphique
901 811 1200 864 postulationem
1224 810 1329 858 abje-

203 874 316 904 cerat.
346 867 438 915 Quo
456 866 555 905 facto
573 841 716 905 r’etudit
735 879 940 914 sermones,
964 865 1208 927 paratiorque
1225 863 1329 903 visus

204 927 273 966 est,
295 933 414 973 quam
434 930 649 973 speraverat
667 921 944 960 accusator.1s
970 932 1074 958 nunc
1092 919 1133 957 in
1162 926 1199 957 te
1216 930 1330 956 max-

203 974 324 1013 imam
355 987 462 1026 spem
489 976 616 1014 habet.
660 975 746 1015 Scio
774 976 846 1014 tibi
875 988 965 1013 eum
994 985 1071 1013 non
1104 985 1185 1012 esse
1211 972 1324 1011 odio·

204 1041 325 1080 quam
343 1029 436 1067 velis
456 1042 545 1068 eum
565 1029 746 1081 obligare,
760 1029 801 1067 in
820 1029 889 1068 tua
902 1041 1023 1067 manu
1035 1035 1115 1067 aet.
1146 1039 1236 1066 cum
1250 1039 1329 1079 quo

204 1083 379 1121 simultas
399 1083 430 1122 si
449 1083 518 1122 tibi
539 1096 616 1122 non
639 1084 786 1132 fuisset,
819 1083 976 1122 liberius
1005 1082 1076 1121 tibi
1100 1082 1149 1120 de
1177 1082 1259 1120 tota
1286 1093 1328 1119 re

205 1144 312 1175 esset.
334 1138 453 1176 Nunc
464 1138 495 1176 si
510 1138 559 1176 ad
571 1138 680 1176 illam
692 1151 887 1176 summam
898 1137 1095 1176 veritatem
1108 1135 1329 1187 legitimum

202 1191 269 1240 jus
288 1191 470 1243 exegeris
492 1192 705 1231 cavendum
724 1192 795 1231 tibi
814 1192 897 1241 erit,
917 1205 967 1230 ne
983 1203 1124 1243 parum
1142 1189 1327 1242 simplici-

204 1253 263 1282 ter
280 1253 318 1284 et
336 1246 496 1284 candide
514 1247 660 1298 posuiss
643 1260 683 1285 55
709 1246 928 1285 inimicitias
946 1245 1119 1284 videaris.
1160 1245 1210 1283 In
1228 1244 1328 1282 hanc

203 1306 354 1350 partem
373 1313 485 1352 porro
503 1308 634 1339 tutum
653 1300 724 1339 tibi
749 1301 833 1348 erit,
854 1301 887 1339 51
905 1300 1000 1352 quid
1013 1298 1190 1348 volueris,
1210 1297 1329 1349 grati-

202 1352 333 1391 ficari:
363 1365 477 1393 nemo
497 1354 599 1393 enim
618 1355 893 1393 necessitudine
907 1362 945 1393 et
961 1353 1131 1392 amicitia
1148 1360 1186 1391 te
1203 1352 1329 1391 deter-

204 1407 325 1445 ritum
342 1409 391 1446 ab
411 1409 533 1447 officio
551 1409 661 1448 dicet.
692 1409 799 1447 Illud
818 1408 913 1447 mihi
932 1408 1107 1455 occurrit,
1127 1406 1277 1459 quod,'
1266 1418 1326 1444 1n·

203 1468 262 1498 ter
280 1462 576 1512 postulationem
595 1471 633 1502 et
650 1463 816 1502 nominis
833 1462 1078 1510 delationem,
1094 1473 1193 1500 uxor
1205 1474 1229 1500 a
1242 1460 1328 1499 Do-

203 1514 345 1554 labella
364 1516 543 1555 discessit.

259 1569 369 1617 Quid
388 1571 484 1608 mihi
503 1571 698 1610 discedens
715 1571 925 1619 mandaris,
940 1570 1127 1616 memini3
1147 1569 1243 1622 quid
1255 1582 1326 1621 ego

203 1622 275 1661 tibi
295 1624 521 1675 scripserim,
537 1634 574 1664 te
593 1638 670 1664 non
689 1627 850 1665 arbitror
862 1626 1039 1664 oblitum.
1068 1625 1161 1664 Non
1175 1631 1231 1663 est
1241 1624 1326 1674 jam

202 1683 356 1729 tempus
375 1679 488 1730 plura
506 1680 698 1718 narrandi.
726 1681 861 1719 Unum
882 1679 981 1718 illud
999 1691 1153 1718 monere
1170 1685 1209 1717 te
1235 1691 1326 1730 pos-

203 1744 316 1769 sum:
347 1732 379 1770 si
398 1746 455 1771 res
474 1733 544 1771 tibi
563 1746 640 1772 non
659 1734 887 1786 displicebit,
907 1741 1036 1772 tamen
1054 1733 1128 1772 hoc
1154 1740 1326 1785 tempore

203 1785 303 1823 nihil
321 1785 368 1824 de
387 1787 455 1825 tua
473 1787 669 1827 voluntate
682 1789 883 1835 ostendas3
913 1795 951 1827 et
965 1794 1170 1840 exspectes,
1188 1798 1325 1839 quem-

204 1838 417 1878 admodum
442 1850 552 1880 exeat
579 1856 626 1881 ex
639 1843 717 1881 hac
735 1856 875 1889 causa3
905 1854 954 1882 ne
983 1842 1062 1894 qua
1090 1841 1323 1880 invidiosum

206 1893 279 1932 tibi
297 1893 360 1943 sit,
381 1895 414 1933 si
433 1896 632 1935 emanarit.
663 1897 797 1946 Porro,
818 1896 1043 1948 significatio
1060 1896 1142 1934 ulla
1159 1895 1191 1934 si
1207 1895 1326 1934 inter-

203 1948 368 1997 cesserit,
388 1950 540 1999 clarius,
557 1962 677 2003 quam
694 1951 823 1990 deceat
837 1958 905 1989 aut
919 1950 1109 2002 expediat,
1132 1949 1211 1988 fiat.
1240 1949 1324 1988 Ne-

205 2015 282 2053 que
300 2002 366 2041 ille
383 2010 505 2042 tacere
523 2017 609 2043 mm
627 2018 709 2044 rem
737 2005 890 2057 poterit,
921 2018 1010 2057 quae
1038 2018 1117 2044 suae
1137 2004 1219 2056 spei
1241 2010 1325 2042 tam

201 2064 418 2107 opportuna
443 2058 632 2108 acciderit,
663 2073 826 2112 quaeque
853 2059 894 2097 in
918 2059 1071 2121 negotio
1090 2057 1323 2097 conficiendo

202 2116 310 2148 tanto
332 2111 515 2151 illustrior
542 2113 638 2160 erit;
669 2127 758 2153 cum
785 2113 997 2166 praesertim
1024 2113 1056 2152 is
1086 2113 1148 2162 sit,
1178 2112 1260 2165 qui,
1291 2111 1323 2150 si

202 2164 457 2214 perniciosum
476 2167 586 2207 sciret
604 2181 683 2209 esse
700 2168 809 2221 loqui
826 2168 875 2208 de
891 2167 964 2208 hac
981 2180 1036 2218 re,
1056 2166 1123 2208 vix
1141 2174 1270 2206 tamen
1282 2178 1322 2204 se

201 2218 419 2259 contineret.
