1481 2381
187 79 268 121 238
362 80 446 119 AD
476 80 773 123 DIVERSOS.
804 80 1049 121 L1n.VI11.
1081 81 1145 121 14·-

188 195 265 227 tate
293 187 377 238 tua,
408 197 447 228 et
474 189 621 242 pudore
640 190 800 253 Tulliae,
827 191 858 229 si
884 204 962 243 qua
986 191 1200 238 restabunt,
1220 200 1311 228 con-

186 241 265 280 fido
283 243 452 282 celeriter
470 245 695 284 sublatum
685 245 744 284 111.
774 246 869 284 Non
888 252 945 284 est
963 245 1067 283 enim
1091 256 1251 306 pugnax
1269 243 1311 282 in

186 296 302 345 vitiis,
333 309 458 350 neque
486 298 602 338 hebes
626 299 675 338 ad
703 299 758 348 id,
787 299 891 351 quod
913 299 1053 338 melius
1081 299 1143 347 sit,
1168 297 1313 336 intelli-

183 351 368 402 gendum.
415 352 568 392 Deinde
593 353 716 406 (quod
740 354 959 392 maximum
991 360 1064 401 est)
1095 365 1166 405 ego
1196 352 1312 390 illum

189 405 301 444 valde
319 419 420 445 amo.

239 459 371 499 Velles
384 461 429 499 C.
447 462 655 502 Curionem
674 470 848 501 nostrum
866 462 1020 500 lautum
1036 460 1312 500 intercessionis

184 513 231 552 de
250 514 453 565 provinciis
473 517 621 555 exitum
645 517 847 555 habuisse:
877 529 984 564 nam,
1011 528 1102 555 cum
1120 515 1167 554 de
1192 515 1311 553 inter-

183 568 348 607 cessione
367 570 582 618 referretur,
597 585 685 622 quae
697 570 830 609 relatio
849 570 964 609 fiebat
981 583 1030 609 ex
1048 571 1311 608 senatus-con-

183 623 298 670 sulto,
329 624 532 676 primaque
564 625 625 663 M.
648 624 827 663 Marcelli
853 624 1038 663 sententia
1063 623 1311 676 pronuntiata

184 684 293 725 esset,
329 678 397 729 qui
429 678 622 729 agendum
655 692 744 717 cum
770 678 933 717 tribunis
957 677 1080 730 plebis
1103 679 1306 724 censebat;

183 731 364 782 frequens
384 741 536 771 senatus
556 733 597 770 in
616 733 691 771 alia
709 733 840 771 omnia
856 733 913 772 iit.

238 786 445 824 Stomacho
465 794 520 825 est
539 787 680 826 scilicet
699 786 909 839 Pompeius
928 786 1102 838 Magnus
1125 798 1229 824 nunc
1253 785 1315 824 113

182 839 396 890 languenti,
427 848 472 878 ut
500 840 567 879 vix
599 841 654 890 id,
693 841 797 893 quod
829 841 902 880 sibi
932 841 1094 893 placeat,
1132 840 1307 892 reperiat.

183 893 433 932 Transierant
461 895 568 943 illuc,
595 903 640 933 ut
662 896 758 935 ratio
787 906 884 934 esset
908 897 991 944 ejus
1017 894 1208 943 habenda,
1239 893 1310 946 qui

183 959 308 999 neque
344 949 556 987 exercitum
593 962 719 1001 neque
754 949 967 1001 provincias
1004 948 1151 988 tradere
1181 949 1308 987 vellet.

184 1001 528 1050 Quemadmodum
547 1003 621 1043 hoc
642 1004 851 1056 Pompeius
875 1005 1025 1042 laturus
1054 1002 1116 1064 sit,
1137 1015 1228 1042 cum
1246 1015 1311 1041 co.-

182 1064 362 1107 gnoscat3
385 1057 572 1108 quidnam
584 1058 804 1110 reipublicae
814 1058 994 1097 futurum
1006 1057 1068 1106 sit,
1085 1057 1117 1095 si
1131 1055 1311 1106 [autnon

176 1113 317 1161 possit,
324 1113 340 1163 ]
362 1119 431 1149 aut
450 1125 528 1150 non
549 1122 668 1159 curet,
683 1126 748 1151 vos
763 1126 870 1152 senes
889 1112 1024 1151 divites
1043 1111 1224 1150 videritis.
1253 1110 1309 1160 Q.

184 1164 430 1258 gartensius,
452 1179 542 1205 cum
566 1166 635 1206 has
653 1167 781 1207 literas
801 1167 946 1220 scripsi,
967 1165 1139 1206 animam
1158 1166 1308 1218 agebat.

266 1233 298 1259 0.

367 1386 482 1435 (14.)
519 1384 743 1426 COELIUS
772 1383 1057 1424 CICERONI
1083 1383 1125 1424 S.

236 1493 563 1543 (Argumentum.
580 1493 767 1532 —Varia
798 1500 866 1533 est.
900 1493 1067 1533 Domitii
1095 1491 1306 1544 repulsam,

180 1545 379 1586 Saturnini
418 1549 712 1609 accusationem,
753 1548 931 1599 Pompeii
961 1555 998 1586 et
1031 1546 1191 1586 Caesaris
1228 1545 1308 1584 dis-

179 1600 362 1650 cordiam,
390 1602 517 1655 Appii
536 1602 698 1642 censoris
716 1602 920 1641 ridiculam
938 1601 1194 1654 diligentiam,
1218 1612 1307 1639 nar-

185 1662 276 1702 rat.)

233 1762 354 1803 Tanti
373 1778 451 1804 non
469 1765 545 1805 fuit
563 1766 736 1805 Arsacen
756 1779 902 1817 capere,
924 1764 1139 1804 Seleuciam
1157 1775 1306 1815 expug-

177 1828 283 1866 nare,
305 1827 349 1857 ut
368 1833 502 1858 earum
521 1834 663 1869 rerum,
692 1833 780 1872 quae
806 1820 871 1858 hic
896 1827 1012 1871 gestae
1031 1825 1134 1867 511111,
1161 1825 1307 1878 specta-

178 1872 264 1910 culo
283 1885 438 1912 careres.
477 1875 697 1927 Nunquam
723 1874 793 1913 tibi
820 1874 923 1914 oculi
944 1873 1167 1921 doluissent,
1199 1871 1244 1919 51,
1264 1870 1307 1910 in

177 1927 344 1977 repulsa,
366 1928 533 1966 Domitii
552 1929 706 1967 vultum
728 1928 894 1967 vidisses.
930 1927 1082 1979 Magna
1099 1927 1168 1965 illa
1185 1924 1306 1964 comi-

177 1978 232 2018 113
251 1980 435 2028 fuerunt;
467 1990 504 2021 et
523 1983 639 2034 plane
659 1983 785 2022 studia
804 1996 851 2020 ex
866 1982 1036 2034 partium
1057 1993 1169 2020 sensu
1189 1992 1308 2031 appa-

172 2043 360 2074 ruerunt:
391 2038 589 2089 perpauci,
622 2036 939 2076 necessitudinem
972 2035 1104 2082 secuti,
1136 2034 1308 2073 officium

175 2089 447 2139 praestiterunt.
493 2092 633 2143 Itaque
664 2091 761 2130 mihi
783 2098 839 2130 est
862 2089 1062 2129 Domitius
1089 2087 1309 2127 inimicissi-

176 2153 281 2193 mus,
313 2152 356 2183 ut
388 2157 437 2184 ne
467 2144 700 2184 familiarem
733 2145 893 2198 quidem
922 2157 1038 2184 suum
1068 2154 1307 2196 quemquam

176 2202 258 2235 tam
287 2198 423 2248 oderit,
461 2212 581 2251 quam
615 2213 705 2246 111ος
744 2206 861 2252 atque
887 2211 931 2238 eo
952 2197 1094 2250 magis,
1114 2196 1219 2250 quod
1240 2208 1308 2248 per
