1501 2407
245 67 326 104 212
422 67 503 106 AD
534 67 829 107 DJVERSOS.
861 68 959 107 Lm.
993 69 1093 108 VII.
1123 70 1188 108 32.

246 175 294 213 de
312 173 360 213 'te
379 174 667 225 diligentissime
693 176 842 227 scripsi,
870 189 1032 229 eamque
1053 177 1251 228 epistolam
1271 191 1361 218 cum

246 229 319 266 hac
333 228 540 278 conjunxi:
572 242 690 280 quam
708 229 772 267 ille
791 231 982 281 quomodo
995 231 1192 282 acceperit,
1213 239 1250 272 et
1268 233 1363 285 quid

251 282 322 320 tibi
340 282 532 334 pollicitus
551 283 612 332 sit,
633 283 749 321 velim
764 284 812 321 ad
826 297 887 321 me
906 285 1057 323 scribas.
1088 285 1198 324 Vale.

440 440 558 490 (31.)
600 440 812 480 CICERO
842 440 1021 480 cumo
1050 441 1089 479 s,
1106 441 1162 479 D.

309 548 632 597 (Argmzentum.
653 574 707 581 --
726 548 871 587 Invitat
902 548 951 587 ad
982 555 1120 587 mutua
1151 547 1287 594 officia,
1315 554 1366 594 et,

256 610 302 640 ut
329 603 370 640 in
402 603 549 641 Urbem
578 610 785 642 revertatur
807 602 942 641 veteris
967 603 1193 642 urbanitatis
1217 601 1369 641 tuendae

258 657 386 706 causa,
405 664 544 708 rogat.)

315 764 443 802 Facile
466 763 642 815 perspexi
667 777 714 802 ex
738 764 814 802 tuis
835 765 973 813 literis,
987 763 1108 816 (quod
1127 776 1275 816 semper
1293 770 1373 802 stu-

260 817 347 868 dui)
369 826 406 856 et
423 831 486 856 me
504 832 528 856 a
551 828 589 857 te
607 818 764 869 plurimi
782 818 878 867 fieri,
902 827 939 857 et
958 826 994 857 te
1011 818 1236 870 intelligere,
1255 831 1375 870 quam

261 872 360 910 mihi
382 886 489 911 carus
512 885 619 911 esses.
650 872 768 919 Quod
793 885 881 911 cum
908 880 1069 924 uterque
1093 875 1266 911 nostrum
1284 885 1376 910 con-

263 934 413 965 secutus
433 934 501 974 est,
530 927 722 978 reliquum
748 933 816 975 est,
843 934 888 965 ut
912 926 1042 965 officiis
1065 934 1251 965 certemus
1277 927 1377 964 inter

262 993 358 1027 nos;
388 982 528 1032 quibus
551 992 660 1031 aequo
683 980 811 1018 animo
836 981 897 1019 vel
921 981 1070 1020 vincam
1092 988 1143 1028 te,
1170 981 1230 1019 vel
1249 980 1379 1019 vincar

265 1037 333 1073 abs
353 1043 400 1073 te.
431 1034 560 1073 Acilio
589 1047 665 1072 non
694 1034 810 1072 fuisse
834 1047 982 1073 necesse
1003 1047 1108 1072 meas
1126 1034 1208 1073 dari
1233 1034 1376 1082 literas,

265 1089 376 1127 facile
407 1089 540 1140 patior.
571 1088 730 1139 Sulpicii
759 1088 829 1127 tibi
865 1089 992 1140 opera,
1018 1088 1191 1140 intelligo
1223 1101 1271 1127 ex
1300 1088 1377 1126 tuis

265 1144 398 1192 literis,
419 1155 496 1181 non
515 1143 684 1180 multum
704 1155 799 1193 opus
818 1142 948 1190 fuisse,
974 1150 1128 1194 propter
1145 1149 1231 1181 tuas
1249 1155 1307 1180 res
1325 1142 1380 1180 ita

268 1205 492 1245 eontractaS,
529 1204 588 1241 ut,
619 1196 946 1247 quemadmodum
984 1197 1128 1244 scribis,
1162 1209 1232 1235 nec
1263 1202 1379 1249 caput

268 1265 338 1290 nec
355 1252 481 1303 pedes.
506 1250 702 1301 Equidem
724 1251 875 1298 vellem,
899 1250 957 1288 uti
983 1250 1097 1302 pedes
1118 1251 1314 1299 haberent,
1335 1257 1380 1288 ut

268 1306 475 1358 aliquando
499 1305 648 1342 redires.
678 1304 798 1342 Vides
827 1304 930 1342 enim
958 1305 1148 1343 exaruisse
1166 1306 1250 1354 jam
1278 1311 1380 1342 vete·

268 1373 349 1399 rem
381 1358 662 1403 urbanitatem3
693 1364 738 1396 ut
775 1358 1011 1410 Pomponius
1042 1366 1170 1397 noster
1198 1370 1267 1397 suo
1293 1359 1381 1409 jure

268 1414 386 1466 possit
404 1413 539 1461 dicere,

324 1490 352 1510 “
373 1486 462 1525 Nisi
493 1499 562 1524 nos
590 1486 703 1538 pauci
732 1486 962 1526 retineamus
993 1487 1155 1539 gloriam
1183 1487 1383 1540 antiquam

485 1540 701 1578 Atticam.”

324 1617 430 1667 Ergo
448 1615 480 1652 is
499 1614 583 1662 tibi,
604 1626 672 1652 nos
684 1614 717 1652 ei
736 1615 987 1654 succedimus.
1014 1615 1117 1655 Veni
1134 1616 1266 1667 igitur,
1282 1631 1388 1669 quae-

273 1684 328 1718 so,
361 1683 409 1708 ne
432 1677 560 1707 tamen
584 1681 711 1706 semen
731 1669 956 1708 urbanitatis
985 1670 1065 1708 una
1083 1683 1172 1709 cum
1194 1670 1388 1723 republica

274 1726 443 1764 intereat.
474 1723 585 1762 Vale.

359 1887 468 1932 (32.)
507 1883 569 1923 Μ.
591 1883 805 1924 CICERO
834 1885 873 1924 S.
886 1884 940 1923 D.
971 1885 1302 1926 VOLUMNIO.

330 1995 653 2043 (Argumentum.
669 2015 724 2022 —
737 1992 803 2030 Ex
816 1992 951 2031 Cilicia
966 1993 1013 2031 P.
1033 1994 1246 2032 Volumnio
1260 1994 1388 2034 scribit

275 2050 322 2088 de
340 2047 462 2095 dictis,
493 2046 540 2084 de
560 2047 730 2097 judiciis,
761 2046 808 2084 de
833 2049 965 2098 repub.
992 2047 1040 2087 de
1065 2047 1270 2087 Dolabella
1293 2061 1388 2087 non-

258 2148 260 2150 *
278 2104 372 2142 dum
391 2099 560 2155 genero.)
