1501 2407
254 97 339 137 AD
367 97 668 138 DIVERSOS.
700 98 802 136 Lm.
823 98 926 137 VII.
959 100 1026 137 28.
1127 99 1211 138 209

239 207 356 259 (28.)
390 206 453 245 Μ.
477 206 694 247 CICERO
722 208 762 247 S.
780 207 834 245 D.
865 207 1059 247 CURIO.

138 314 464 366 (Argumentum.
474 315 691 355 —Probat
724 316 835 355 Curii
864 316 1083 364 consilium,
1119 329 1212 368 quo,

81 368 280 422 desperata
297 371 509 422 republica,
533 371 576 408 in
596 370 787 409 Graeciam
800 384 839 409 se
862 371 1085 410 contulerat.
1125 371 1214 409 Ad-

81 423 153 472 dit,
174 433 330 476 propter
348 425 525 463 eamdem
550 438 722 471 causam,
749 433 786 464 et
810 438 850 463 se
868 425 909 463 in
938 425 1212 464 bibliothecam

82 477 198 516 abdi:
228 480 380 517 nullam
403 479 507 518 enim
530 493 639 531 spem
662 479 854 532 reliquam
876 492 970 529 esse,
1003 479 1213 532 aliquando

80 533 221 572 melius
238 533 329 572 fore.
336 533 360 583 )

136 642 321 691 Memini,
348 656 438 682 cum
461 642 561 682 mihi
590 643 760 696 desipere
777 643 971 692 videbare,
996 643 1102 696 quod
1121 656 1211 682 cum

81 696 164 736 istis
181 697 310 749 potius
329 697 487 746 viveres,
503 711 622 750 quam
635 698 860 737 nobiscum:
879 708 959 737 erat
973 699 1077 737 enim
1088 699 1216 736 multo

80 751 321 791 domicilium
339 751 457 802 hujus
476 753 583 791 urbis
602 755 709 796 (cum
735 753 893 805 quidem
911 753 994 792 haec
1013 755 1124 799 urbs)
1145 766 1214 804 ap-

82 805 160 844 tius
188 806 424 845 humanitati
455 814 493 845 et
523 807 702 846 suavitati
731 815 822 856 tuae,
848 821 967 859 quam
995 815 1076 846 tota
1100 808 1216 845 Pelo-

84 873 292 912 ponnesus,
324 861 470 899 nedum
499 863 640 900 Patrae.
676 863 736 900 N„
724 875 810 909 mc,
839 870 984 910 contra,
1016 870 1054 900 et
1078 861 1216 900 vidisse

84 914 184 953 mihi
202 916 373 953 multum
395 916 548 964 videris,
576 930 680 965 cum,
705 930 825 968 prope
847 917 1054 968 desperatis
1076 916 1138 954 his
1158 929 1219 954 re-

83 970 172 1018 bus,
205 977 242 1009 te
270 970 312 1008 in
338 970 529 1009 Graeciam
555 971 762 1020 contulisti,
794 979 830 1009 et
855 971 927 1009 hoc
950 979 1123 1022 tempore
1141 982 1220 1008 non

86 1025 213 1062 solum
244 1024 407 1076 sapiens,
440 1025 509 1077 qui
540 1024 631 1063 hinc
656 1025 769 1074 absis,
805 1025 871 1063 sed
904 1025 1019 1064 etiam
1052 1027 1212 1063 beatus·

87 1091 342 1130 quamquam,
365 1079 465 1130 quis,
494 1080 562 1132 qui
588 1080 737 1132 aliquid
760 1080 897 1131 sapiat,
924 1093 1029 1118 nunc
1053 1093 1131 1118 esse
1154 1081 1222 1117 be-

86 1140 174 1171 atus
192 1135 347 1185 potest?
379 1134 468 1182 Sed,
499 1134 606 1186 quod
631 1143 689 1183 tu,
715 1135 778 1173 cui
802 1135 955 1182 licebat,
984 1134 1148 1186 pedibus
1179 1146 1218 1172 85

88 1195 326 1235 consecutus,
353 1191 415 1231 (ut
433 1188 488 1227 ibi
508 1202 620 1237 esses,
644 1193 673 1212 ‘⁶
693 1189 776 1228 Ubi
794 1201 864 1227 nec
883 1189 1217 1241 Pelopidum'’·...

86 1242 190 1280 nosti
220 1241 375 1293 caetera)
408 1255 477 1282 nos
510 1243 616 1282 idem
638 1243 921 1295 propemodum
948 1242 1221 1295 consequimur

87 1296 165 1334 alia
179 1296 336 1335 ratione.
369 1297 472 1336 Cum
488 1298 592 1336 enim
607 1298 828 1336 salutationi
846 1311 916 1337 nos
933 1298 1110 1336 dedimus
1125 1297 1223 1335 ami-

86 1364 235 1399 corum,
253 1354 359 1403 (quae
377 1352 421 1390 fit
435 1352 508 1390 hoc
523 1352 639 1390 etiam
653 1352 906 1405 frequentius,
928 1366 1047 1404 quam
1061 1352 1220 1400 solebat,

86 1405 206 1457 quod,
227 1406 338 1458 quasi
360 1420 473 1445 avem
496 1406 640 1456 albam,
665 1407 844 1445 videntur
867 1409 965 1446 bene
995 1406 1224 1446 sentientem

88 1460 212 1500 civem
231 1458 378 1511 videre)
396 1461 496 1499 abdo
515 1474 578 1500 me
596 1462 638 1499 in
656 1462 942 1500 bibliothecam.
973 1462 1114 1513 Itaque
1132 1474 1224 1512 ope-

88 1528 134 1554 ra
152 1515 274 1554 efficio
292 1522 414 1564 tanta,
437 1524 584 1568 quanta
607 1516 767 1555 fortasse
786 1524 829 1554 tu
849 1517 999 1555 senties.
1038 1515 1223 1554 Intellexi

86 1571 192 1609 enim
205 1583 254 1608 ex
273 1578 341 1609 tuo
355 1583 530 1609 sermone
549 1571 735 1622 quodam,
752 1584 842 1609 cum
854 1584 983 1610 meam
999 1570 1224 1609 moestitiam

88 1631 127 1662 et
145 1624 448 1676 desperationem
467 1637 662 1664 accusares
684 1625 792 1664 domi
814 1634 906 1675 tuae,
926 1634 966 1665 te
992 1640 1040 1665 ex
1058 1625 1156 1664 meis
1174 1625 1224 1663 li-

88 1679 168 1718 bris
179 1679 357 1717 animum
374 1692 509 1718 meum
528 1679 755 1719 desiderare.

145 1734 223 1773 Sed
253 1734 504 1782 (mehercule)
536 1742 574 1773 et
598 1741 684 1772 tum
714 1734 995 1787 rempublicam
1024 1734 1223 1786 lugebam,

85 1802 181 1840 quae
199 1801 278 1827 non
297 1788 424 1827 solum
442 1789 521 1828 suis
540 1802 629 1841 erga
647 1802 726 1838 me,
741 1790 807 1828 sed
819 1790 937 1828 etiam
950 1788 1047 1827 meis
1066 1803 1156 1841 erga
1170 1803 1224 1839 se,

92 1843 288 1882 beneficiis
314 1850 394 1881 erat
415 1843 514 1881 mihi
539 1844 684 1882 carior:
715 1851 753 1883 et
777 1845 851 1883 hoc
875 1851 1060 1895 tempore,
1086 1857 1225 1895 quam-

92 1910 213 1950 quam
231 1910 296 1936 me
313 1909 392 1935 non
410 1898 508 1936 ratio
523 1898 650 1936 solum
664 1899 893 1947 consolatur,
909 1912 997 1950 quae
1011 1899 1228 1950 plurimum

91 1953 205 1990 debet
216 1952 356 2001 valere,
377 1951 443 1990 sed
461 1952 578 1991 etiam
597 1953 692 2002 dies,
714 1967 802 2006 quae
820 1953 948 1992 stultis
969 1966 1125 2006 quoque
1143 1966 1227 1991 me-

92 2006 175 2044 deri
202 2007 323 2052 solet3
360 2013 491 2045 tamen
519 2007 644 2056 doleo,
673 2007 729 2046 ita
754 2021 839 2047 rem
866 2020 1116 2046 communem
1144 2020 1225 2046 esse

93 2061 299 2112 dilapsam,
319 2068 364 2099 ut
382 2074 432 2100 ne
450 2075 535 2114 spes
549 2062 723 2115 quidem,
742 2062 884 2102 melius
902 2062 1112 2115 aliquando
1130 2061 1225 2110 fore,

96 2115 349 2167 relinquatur.

149 2170 234 2208 Nec
253 2183 342 2210 vero
366 2184 471 2211 nunc
489 2172 647 2224 quidem
670 2171 785 2226 culpa
813 2172 855 2211 in
883 2185 928 2211 eo
955 2178 1025 2222 est,
1052 2171 1093 2211 in
1113 2172 1226 2222 cujus·

878 2238 906 2266 ’r
929 2228 954 2264 3
