1481 2422
320 90 404 130 AD
433 90 731 131 DIVERSOS.
762 91 863 130 Lm.
884 90 986 130 XII.
1019 92 1080 130 ll.
1183 91 1262 129 369

139 199 312 238 consules
339 199 555 251 designatos
578 199 791 247 habemus;
820 199 862 238 in
890 199 1031 252 quibus
1050 205 1106 238 est
1123 210 1267 250 magna

137 253 206 292 illa
223 253 382 306 quidem
401 267 502 306 spes,
523 254 590 292 sed
617 266 755 305 anceps
787 266 892 301 cura,
921 262 1076 306 propter
1105 253 1266 292 incertos

139 307 266 346 exitus
286 308 521 360 proeliorum.
561 307 755 346 Persuade
779 307 851 346 tibi
875 308 1007 359 igitur,
1034 309 1076 346 in
1101 315 1139 346 te
1161 315 1199 346 et
1222 307 1264 344 in

136 361 263 400 Bruto
276 369 345 400 tuo
362 375 442 401 esse
455 362 612 409 omnia;
642 375 708 401 vos
723 363 933 414 exspectari
946 376 959 409 3
989 363 1161 401 Brutum
1177 361 1264 414 qui-

137 415 227 454 dem
241 417 326 466 jam
341 417 514 468 jamque.

191 469 311 518 Quod
329 470 361 509 si
380 474 442 514 (ut
453 469 581 522 spero)
598 471 706 511 victis
717 471 893 511 hostibus
907 470 1045 509 nostris
1059 470 1235 509 veneritis
1249 485 1260 508 ε

137 531 268 563 tamen
300 525 523 564 auctoritate
547 526 671 564 vestra
700 526 914 577 respublica
945 532 1137 576 exsurget,
1167 533 1204 563 et
1222 524 1264 563 in

137 579 268 631 aliquo
287 587 389 618 statu
401 580 589 618 tolerabili
603 580 792 619 consistet.
824 581 924 619 Sunt
939 579 1041 618 enim
1054 580 1262 631 permulta,

137 633 280 685 quibus
299 634 369 672 erit
386 634 648 681 medendum;
679 635 828 673 etiamsi
847 635 1063 687 respublica
1081 634 1170 673 satis
1185 646 1265 673 esse

135 688 328 728 videbitur
346 688 548 728 sceleribus
565 689 737 728 hostium
755 689 927 728 liberata.
957 689 1071 729 Vale.

136 871 249 921 (11.)
269 870 314 910 C.
336 871 580 922 CASSIUS,
610 871 847 913 PROCOS.
877 871 940 912 M.
957 872 1008 912 T.
1022 872 1068 912 C.
1093 872 1134 912 S.
1147 871 1194 910 P.
1208 870 1262 910 D.

188 979 520 1031 (Argumentum.
532 981 639 1019 —A
659 981 801 1033 quibus
821 982 947 1034 copias
967 981 1166 1034 acceperit,
1187 980 1264 1032 sig-

134 1034 291 1083 nificat3
321 1049 437 1088 seque
456 1043 494 1075 et
511 1036 792 1088 rempublicam
811 1036 1085 1084 commendat.)

187 1143 230 1183 Si
248 1144 365 1192 vales,
384 1145 482 1183 bene
502 1151 559 1183 est
575 1159 585 1182 ε
618 1158 688 1196 ego
707 1143 866 1197 quidem
889 1145 1010 1184 valeo.
1039 1146 1090 1184 In
1110 1144 1263 1196 Syriam

131 1211 196 1236 me
214 1198 429 1249 profectum
448 1212 527 1237 esse
547 1198 639 1237 scito
658 1198 708 1236 ad
727 1199 776 1237 L.
803 1199 992 1238 Murcum
1019 1206 1057 1238 et
1085 1199 1138 1247 Q.
1160 1199 1264 1238 Cris-

131 1265 244 1304 pum,
265 1252 525 1304 imperatores.
555 1253 644 1292 Viri
661 1252 777 1292 fortes
792 1254 1007 1306 optimique
1025 1254 1138 1302 cives,
1158 1261 1263 1305 post-

132 1319 298 1358 eaquam
334 1307 552 1356 audierunt,
588 1321 677 1359 quae
704 1307 844 1346 Romae
881 1315 1115 1359 gererentur,
1154 1321 1262 1346 exer-

131 1360 230 1399 citus
248 1361 346 1399 mihi
372 1361 636 1400 tradiderunt:
666 1362 817 1413 ipsique
835 1375 990 1401 mecum
1005 1363 1084 1401 una
1103 1362 1263 1400 fortissi-

130 1427 197 1454 mo
233 1415 363 1454 animo
394 1428 477 1454 rem
503 1417 700 1467 publicam
738 1416 1019 1455 administrant.
1069 1418 1171 1456 Item
1207 1416 1262 1454 le-

129 1469 299 1521 gionem,
331 1483 450 1521 quam
483 1470 536 1519 Q.
568 1470 746 1509 Caecilius
776 1471 921 1509 Bassus
944 1471 1096 1519 habuit,
1129 1470 1177 1508 ad
1197 1483 1262 1509 me

129 1524 275 1562 venisse
303 1525 408 1562 scito.
452 1525 708 1577 Quatuorque
736 1525 917 1575 legiones,
943 1539 1038 1577 quas
1057 1526 1112 1564 A.
1132 1525 1260 1563 Allie-

128 1589 203 1616 nus
240 1591 289 1617 ex
322 1579 497 1631 AEgypto
531 1579 679 1629 eduxit,
710 1579 868 1617 traditas
897 1581 946 1618 ab
978 1593 1022 1618 eo
1051 1579 1150 1618 mihi
1179 1593 1259 1618 esse

128 1632 233 1670 scito.
430 1636 434 1639 ⁴

183 1687 304 1725 Nunc
333 1694 370 1725 te
403 1688 661 1729 cohortatione
692 1699 771 1726 non
796 1695 893 1740 puto
911 1688 1097 1740 indigere,
1117 1696 1163 1727 ut
1187 1701 1258 1727 nos

129 1743 303 1781 absentes
331 1755 490 1794 remque
516 1741 730 1794 publicam,
757 1749 950 1794 quantum
969 1751 1026 1781 est
1043 1744 1085 1781 in
1113 1750 1165 1790 te,
1192 1743 1259 1782 de-

126 1795 272 1834 fendas.
314 1796 418 1834 Scire
443 1802 480 1834 te
500 1797 600 1845 volo,
620 1796 733 1835 firma
750 1796 929 1848 praesidia
956 1797 1062 1836 vobis
1090 1797 1258 1836 senatui-

127 1863 204 1901 que
229 1863 306 1888 non
333 1850 475 1898 deesse,
507 1858 552 1889 ut
580 1850 729 1902 optima
761 1864 828 1902 spe
862 1858 899 1890 et
923 1851 1096 1890 maximo
1126 1852 1257 1890 animo

125 1904 405 1956 rempublicam
420 1904 613 1943 defendas.
643 1905 814 1956 Reliqua
836 1911 964 1944 tecum
983 1913 1071 1957 aget
1089 1906 1138 1944 L.
1160 1906 1257 1944 Car-

126 1958 238 2006 teius,
258 1958 458 1997 familiaris
475 1973 598 1999 meus.
628 1959 741 2000 Vale.
761 1958 868 1999 Data
879 1960 1008 2000 Nonis
1020 1960 1190 2011 Martiis,
1207 1974 1256 1999 ex

127 2012 256 2052 castris
271 2012 483 2053 Taricheis.
