1501 2407
297 104 381 144 AD
409 102 712 144 DIVERSOS.
742 102 844 142 Lm.
868 103 970 144 VII.
1000 102 1059 143 3.·
1196 105 1273 150 187

138 225 217 253 11011
236 226 314 266 quo
333 213 481 265 optima
498 212 652 253 vivendi
680 213 848 252 conditio
876 219 998 252 esset:
1029 213 1097 252 sed
1126 220 1272 260 tamen,

138 269 172 308 si
191 275 287 307 esset
305 268 437 320 aliqua
455 268 580 307 forma
609 268 844 320 reipublicae,
866 276 1068 319 tamquam
1087 267 1127 305 in
1147 268 1274 319 patria

138 329 183 362 ut
211 335 358 368 essemt,
391 323 423 361 si
450 323 574 370 nulla,
605 329 808 374 tamquam
836 322 878 360 in
906 322 1053 361 exsilio.
1099 322 1274 361 Mortem

138 377 237 415 mihi
252 390 320 415 cur
339 377 624 425 consciscerem,
645 390 760 415 causa
774 377 884 415 nulla
903 376 984 415 visa
1003 384 1058 415 est
1075 391 1086 422 3
1118 389 1186 415 cur
1205 390 1280 427 op·-

140 437 277 480 tarem,
310 432 456 470 multae.
498 432 624 470 Vetus
655 439 711 470 est
744 431 863 479 enim,
895 433 923 453 “
943 431 1012 469 ubi
1030 444 1109 469 non
1129 431 1178 469 sis
1207 431 1276 482 qui

139 485 273 533 fueris,
293 498 371 524 non
391 499 470 525 esse
489 499 556 525 cur
575 486 668 524 velis
687 486 854 524 vivere.”
896 486 974 524 Sed
992 493 1122 524 tamen
1142 498 1277 523 vacare

141 541 272 591 culpa,
289 553 478 592 magnum
503 548 558 579 est
578 540 757 579 solatium
773 554 784 586 3
815 539 1028 592 praesertim
1048 553 1138 578 cum
1157 540 1277 578 habe-

142 608 207 634 am
226 595 323 633 duas
342 609 414 642 res,
443 595 585 647 quibus
605 608 668 633 me
688 602 899 634 sustentem
916 608 928 640 3
959 595 1195 646 optimarum
1215 608 1279 632 ar-

141 649 243 688 tium
263 650 473 698 scientiam,
489 657 526 688 et
536 649 799 688 maximarum
818 662 948 688 rerum
967 649 1158 700 gloriam3
1180 662 1277 700 qua-

141 717 231 743 rum
259 705 379 743 altera
397 704 497 743 mihi
518 704 605 744 vivo
622 717 828 756 nunquam
854 703 1050 756 eripietur,
1080 704 1200 742 altera
1227 715 1277 741 ne

143 766 297 797 mortuo
312 759 484 811 quidem.

198 814 298 852 Haec
316 814 366 852 ad
390 821 429 852 te
458 814 590 866 scripsi
612 813 822 863 verbosius,
844 821 881 853 et
899 814 971 853 tibi
989 813 1175 853 molestus
1201 811 1275 859 fui,

142 868 248 920 quod
260 876 297 907 te
312 881 400 906 cum
418 869 511 916 mei3
522 878 608 907 tum
623 869 856 921 reipublicae,
878 869 1040 920 cognovi
1059 866 1278 906 amantissi-

142 935 267 961 mum.
298 923 452 961 Notum
471 924 543 962 tibi
562 936 677 962 omne
695 937 828 962 meum
841 923 1044 962 consilium
1060 935 1140 960 esse
1155 921 1275 970 volui,

142 984 187 1015 ut
204 978 378 1029 primum
398 978 523 1027 scires,
544 991 608 1016 me
626 991 830 1030 nunquam
850 978 1013 1017 voluisse
1032 978 1121 1029 plus
1140 989 1277 1027 quem-

143 1045 264 1083 quam
282 1045 406 1084 posse‚
434 1046 554 1085 quam
574 1033 794 1071 universam
814 1032 1107 1084 rempublicam.
1138 1032 1279 1069 Postea

144 1094 290 1134 autem,
313 1100 433 1139 quam
453 1087 616 1138 alicujus
636 1088 751 1139 culpa
771 1094 925 1126 tantum
940 1087 1083 1125 valeret
1099 1098 1214 1132 1111115,
1236 1092 1281 1122 ut

144 1141 278 1180 obsisti
296 1154 374 1180 non
393 1149 534 1193 posset,
555 1154 619 1180 me
638 1142 802 1180 voluisse
821 1155 955 1193 pacem
971 1156 980 1179 :
1013 1141 1152 1179 amisso
1172 1153 1281 1178 exer-

146 1195 239 1244 citu,
261 1203 298 1235 et
317 1209 361 1235 eo
381 1196 492 1245 duce,
512 1196 552 1234 in
573 1209 651 1248 quo
669 1210 755 1248 spes
769 1196 895 1234 fuerat
913 1209 1006 1244 uno,
1034 1208 1098 1233 me
1118 1194 1283 1233 voluisse

147 1250 264 1289 etiam
297 1250 454 1302 reliquis
484 1251 690 1296 omnibus3
722 1259 928 1303 postquam
961 1262 1039 1290 non
1072 1249 1281 1301 potuerim,

147 1304 246 1342 mihi
273 1305 347 1357 ipsi
375 1305 493 1343 finem
519 1305 651 1344 fecisse
681 1305 799 1343 belli:
843 1317 947 1343 nunc
970 1312 1115 1350 autem,
1144 1303 1176 1341 si
1199 1303 1282 1341 haec

146 1359 278 1398 civitas
298 1368 367 1404 est,
389 1360 511 1398 civem
532 1373 611 1398 esse
629 1372 719 1404 me3
751 1359 784 1398 si
798 1372 890 1406 non,
916 1360 1089 1398 exsulem
1110 1371 1189 1396 esse
1203 1370 1281 1395 non

142 1413 446 1462 incommodiore
464 1415 561 1464 loco,
583 1427 704 1467 quam
725 1414 756 1453 si
775 1414 965 1453 Rhodum
983 1421 1050 1452 aut
1070 1412 1284 1464 Mitylenas

145 1464 404 1508 contulissem.

203 1523 302 1563 Haec
328 1532 456 1563 tecum
483 1537 612 1563 coram
635 1524 878 1563 malueram:
911 1523 990 1572 sed,
1013 1522 1106 1575 quia
1129 1522 1284 1573 longius

147 1577 277 1627 fiebat,
296 1579 400 1617 volui
418 1592 487 1630 per
501 1579 630 1618 literas
650 1579 810 1625 eaden13
841 1586 886 1617 ut
904 1579 1078 1625 haberes,
1100 1554 1220 1629 quode
1224 1577 1283 1614 (11-

149 1645 266 1682 ceres,
305 1634 337 1672 si
369 1633 526 1686 quando
554 1634 596 1672 in
629 1634 905 1686 vituperatores
936 1646 1043 1671 meos
1073 1632 1283 1670 incidisses.

148 1688 249 1726 sunt
269 1689 387 1737 enim,
415 1688 498 1739 qui,
519 1701 609 1727 cum
628 1702 739 1727 meus
764 1688 940 1727 interitus
959 1687 1058 1725 nihil
1076 1687 1192 1725 fuerit
1210 1686 1284 1724 rei-

147 1743 314 1794 publicae
339 1743 579 1794 profuturus,
610 1743 781 1782 criminis
800 1743 883 1781 loco
902 1749 1041 1794 putent
1065 1755 1157 1788 esse3
1179 1740 1284 1792 quod

151 1809 292 1835 vlvam.
323 1798 479 1846 Quibus
499 1811 568 1848 ego
580 1806 682 1837 certo
701 1801 778 1836 scio
795 1809 874 1835 non
892 1796 1012 1835 videri
1031 1796 1120 1834 satis
1139 1796 1284 1834 multos

149 1852 318 1902 perisse3
349 1853 432 1904 qui,
454 1852 484 1890 si
503 1865 567 1890 me
586 1853 797 1900 audissent,
819 1851 996 1903 quamvis
1020 1849 1154 1902 iniqua
1174 1863 1282 1902 pace,
1302 1887 1305 1889 ,

138 1905 311 1945 ‚honeste
329 1914 460 1946 tamen
479 1906 662 1946 viverent.
690 1906 828 1946 Armis
847 1906 953 1945 enim
974 1905 1184 1955 inferiores,
1205 1917 1283 1943 non

150 1961 280 2008 causa,
300 1961 474 2001 fuissent.

204 2015 339 2054 Habes
367 2017 568 2079 epistolam
594 2016 849 2057 verbosiorem
869 2016 1041 2079 fortasse,
1063 2026 1183 2067 quam
1201 2013 1283 2052 vel-

149 2069 229 2108 les:
259 2070 366 2122 quod
379 2072 450 2110 tibi
468 2072 522 2111 ita
540 2072 661 2112 videri
678 2074 838 2124 putabo,
859 2071 934 2111 nisi
951 2070 1051 2109 mihi
1068 2068 1284 2119 longiorem

132 2124 351 2166 remiseris.
380 2126 484 2178 Ego,
505 2127 552 2177 si,
579 2140 668 2179 quae
694 2127 796 2175 volo,
817 2126 1036 2181 expediam
1056 2122 1166 2164 brevi
1182 2129 1284 2161 tem-

149 2192 242 2231 pore
256 2186 307 2230 te,
324 2189 369 2220 ut
387 2194 512 2234 spero,
532 2182 681 2222 videbo.
707 2181 822 2222 Vale.
