1501 2407
398 88 484 127 AD
512 87 814 129 DIVERSOS.
844 86 946 124 LIB.
968 84 1020 123 V.
1051 86 1089 123 2.
1240 87 1317 125 115

176 194 189 233 i
195 207 354 247 gnoscas
371 212 383 236 ε
422 204 506 237 tam
531 197 637 237 enim
657 211 746 237 sum
765 197 914 236 amicus
937 193 1174 247 reipublicae,
1195 208 1316 248 quam

181 251 250 302 qui
268 252 452 290 maxime.

234 306 277 345 Si
301 319 390 346 vero
416 320 547 346 meam
575 307 740 346 salutem
769 313 900 345 contra
926 304 1032 343 illius
1056 303 1249 355 impetum
1275 305 1316 343 in

179 371 244 398 me
274 361 583 401 crudelissimum
609 361 873 405 defenderim,
914 359 1003 397 satis
1029 359 1185 407 habeas,
1217 359 1317 398 nihil

178 426 244 453 me
258 414 375 454 etiam
395 423 524 456 tecum
536 417 584 455 de
596 418 656 456 tui
670 417 796 455 fratris
810 416 848 453 in
850 415 954 465 juria
967 413 1160 465 conqueri.
1183 413 1316 461 Quem

175 481 247 520 ego
258 482 348 508 cum
360 472 644 523 comperissem,
658 484 815 510 omnem
829 470 889 509 sui
900 469 1116 507 tribunatsis
1132 476 1314 506 conatum

175 522 218 560 in
237 536 365 562 meam
385 527 595 577 perniciem
614 539 749 579 parare
767 533 884 577 atque
903 522 1081 562 meditari
1098 536 1109 568 ς
1142 523 1202 574 egi
1221 536 1312 561 cum

174 576 354 627 Claudia,
375 594 496 619 uxore
515 581 597 628 tua,
619 589 656 620 et
676 594 766 620 cum
785 580 910 618 vestra
929 591 1055 616 sorore
1075 577 1227 625 Mucissa,
1245 590 1313 616 cu-

167 631 235 681 jus
255 647 344 684 erga
358 648 421 673 me
442 636 630 683 studium,
651 649 722 688 pro
735 635 807 673 Cn.
824 633 1003 685 Pompeii
1014 632 1308 680 necessitudine,

169 687 305 726 multis
323 689 364 727 in
383 692 497 729 rebus
515 703 802 742 perspexeram,
829 697 874 727 ut
899 701 989 727 eum
1017 689 1065 726 ab
1084 687 1152 724 issa
1168 686 1311 736 injuria

170 740 416 782 deterrerent.
445 746 582 797 Atque
603 746 683 794 ille,
714 743 836 797 (quod
859 752 896 782 te
921 742 1073 781 audisse
1093 749 1194 780 certo
1213 741 1306 790 scio)

168 796 292 847 pridie
308 798 390 836 Cal.
405 799 435 838 J
436 812 569 838 anuar.
591 801 669 852 qua
688 799 832 849 injuria
851 810 966 836 nemo
984 809 1161 849 unquam
1176 796 1217 834 in
1238 797 1309 835 ali-

170 863 250 902 quo
280 853 510 904 magistratu
533 854 842 906 improbissimus
869 853 960 892 civis
987 852 1145 890 affectus
1169 859 1239 899 est,
1262 852 1307 890 ea

168 916 234 944 me
261 909 459 947 consulem
487 909 627 957 affecit,
658 922 748 947 cum
778 907 1059 960 rempublicam
1088 906 1307 945 conservas-

167 972 279 1005 sem3
310 969 427 1014 atque
455 965 663 1002 abeuntem
691 964 915 1015 magistratu
946 961 1136 1000 concionis
1158 960 1306 999 haben-

168 1014 229 1053 dae
254 1024 441 1067 potestate
463 1019 652 1070 privavit:
685 1019 797 1068 cujus
812 1017 954 1067 injuria
969 1016 1067 1054 mihi
1086 1023 1214 1054 tamen
1234 1015 1306 1054 ho·

167 1069 251 1107 nori
270 1083 425 1110 summo
444 1072 530 1111 fuit.
572 1074 694 1120 Nam,
716 1086 805 1111 cum
825 1073 890 1110 ille
909 1071 1008 1109 mihi
1027 1070 1139 1119 nihil,
1161 1070 1234 1108 nisi
1261 1078 1307 1110 ut

162 1123 350 1174 jurarem,
367 1127 605 1178 permitteret
619 1142 630 1172 3
661 1129 805 1179 magna
818 1139 908 1166 voce
917 1125 1045 1176 juram·
1060 1125 1304 1163 verissimum

165 1179 551 1234 pulcherrimumque
562 1182 864 1232 jusjurandum,
887 1180 992 1233 quod
1010 1179 1179 1233 populus
1198 1180 1304 1219 idem

164 1235 310 1285 magna
329 1248 419 1275 voce
437 1249 502 1275 me
520 1251 607 1276 vere
623 1238 773 1286 jurasse
789 1237 945 1286 juravit.

221 1288 310 1327 Hac
337 1292 493 1342 accepta
513 1300 594 1330 tam
622 1292 764 1343 insigni
790 1290 945 1341 injuria,
971 1298 1101 1328 tamen
1125 1289 1193 1328 illo
1218 1289 1302 1342 ipso

163 1341 227 1381 die
245 1343 333 1382 misi
348 1345 399 1383 ad
417 1346 628 1385 Metellum
648 1358 872 1385 communes
888 1345 1045 1391 amicos,
1063 1344 1131 1397 qui
1145 1353 1303 1396 agerent

163 1410 254 1436 cum
273 1411 332 1446 e0,
353 1408 398 1438 ut
416 1400 464 1439 de
486 1401 555 1439 illa
581 1410 710 1439 mente
734 1401 940 1439 desisteret.
971 1399 1127 1447 Quibus
1153 1400 1220 1438 ille
1242 1413 1302 1438 re-

163 1452 332 1504 spondit,
355 1454 427 1493 sibi
446 1468 523 1494 non
548 1469 628 1495 esse
652 1456 860 1508 integrum.
882 1455 1050 1494 Etenim
1076 1455 1194 1507 paulo
1213 1462 1303 1494 ante

160 1506 202 1544 in
222 1507 403 1547 concione
422 1510 586 1558 dixerat,
615 1512 664 1558 ei,
692 1512 762 1564 qui
783 1511 824 1548 in
849 1511 944 1549 aiios
971 1509 1302 1548 animadvertisset

160 1558 307 1601 indicta
325 1563 452 1613 causa,
474 1565 627 1604 dicendi
652 1566 727 1618 ipsi
737 1574 966 1618 potestatem
992 1565 1076 1603 fieri
1095 1577 1173 1603 non
1187 1577 1301 1616 opor-

160 1622 251 1655 tere.
294 1617 512 1659 Hominem
544 1634 703 1673 gravem
735 1629 771 1659 et
801 1620 924 1659 civem
956 1619 1181 1672 egregium!
1213 1619 1298 1671 qui,

159 1671 240 1722 qua
257 1674 373 1724 poena
396 1683 564 1724 senatus,
593 1688 780 1715 consensu
803 1677 995 1714 bonorum
1015 1675 1208 1723 omnium,
1235 1687 1299 1712 eos

159 1725 348 1777 affecerat,
381 1730 450 1781 qui
480 1730 630 1769 Urbem
658 1730 874 1779 incendere,
911 1738 949 1769 et
976 1729 1225 1781 magistratus
1254 1742 1298 1767 ac

157 1788 334 1820 senatum
365 1785 569 1833 trucidare,
599 1786 748 1824 bellum
771 1786 994 1824 maximum
1023 1784 1202 1832 conflare,
1231 1797 1298 1822 vo·
1351 1825 1357 1827 „

159 1834 334 1883 luissent,
355 1836 489 1878 eadem
518 1839 682 1891 dignum
702 1840 893 1890 judicaret
920 1853 1026 1888 eum,
1055 1839 1124 1892 qui
1148 1838 1297 1877 curiam

157 1890 274 1938 caede,
294 1892 445 1932 Urbem
464 1894 665 1943 incendiis,
687 1896 845 1934 Italiam
864 1895 981 1943 bello,
1001 1894 1212 1932 liberasset.

212 1945 353 1998 Itaque
381 1960 452 1999 ego
485 1949 664 1998 Metello,
702 1950 812 1989 fratri
841 1958 923 1999 tuo,
954 1949 1134 2002 praesenti
1162 1948 1297 1987 restiti.

157 1997 266 2037 Nam
290 2001 332 2038 in
357 2010 493 2041 senatu
521 2004 604 2043 Cal.
629 2006 723 2043 Jan.
749 2005 802 2044 sic
825 2018 916 2044 cum
942 2018 986 2044 eo
1009 2004 1056 2043 de
1079 2017 1120 2042 re
1138 2003 1296 2055 publica

156 2052 364 2106 disputavi,
385 2064 431 2095 ut
449 2059 618 2107 sentiret,
640 2060 716 2098 sibi
735 2073 826 2099 cum
840 2060 922 2098 viro
939 2059 1031 2098 forti
1049 2066 1086 2097 et
1105 2058 1296 2098 constanti

156 2120 236 2146 esse
253 2112 525 2162 pugnandum.
551 2115 606 2152 A.
628 2114 665 2152 d.
694 2115 851 2153 tertium
881 2116 987 2153 Non.
1015 2114 1182 2153 Januar.
1203 2126 1295 2153 cum

154 2174 267 2214 agere
285 2165 470 2218 coepisset‚
487 2169 599 2207 tertio
620 2182 776 2222 quoque
795 2171 912 2209 verbo
930 2168 1112 2208 orationis
1132 2182 1212 2207 suae
1230 2181 1295 2207 me

154 2219 388 2273 appellabat,
424 2223 523 2262 mihi
550 2224 805 2264 minabatur:
836 2237 963 2278 neque
992 2224 1051 2264 ini
1064 2223 1293 2282 ‚quidquam
