1501 2407
181 102 259 140 183
379 98 461 138 AD
490 96 794 137 DIVERSOS.
823 97 926 136 Lm.
947 97 1050 137 VII.
1080 99 1120 135 5.

354 206 447 261 (4.)
478 207 541 246 Μ.
563 207 614 247 Τ.
636 207 683 247 C.
712 206 775 246 M.
797 205 997 246 MARIO
1017 207 1058 246 S.
1074 199 1132 245 'D-

236 318 569 371 (Argumentum.
584 340 638 346 —
651 317 871 355 Praemonet
884 315 1063 355 Marium
1077 315 1126 355 de
1144 314 1314 355 adventu

177 386 248 413 suo
266 374 308 411 in
329 373 625 425 Pompeianum.
652 372 806 411 Eodem
825 372 958 421 anno.)

235 481 344 520 Ante
369 481 473 520 diem
496 481 561 520 IX
590 480 780 520 Calendas
798 482 840 520 in
871 481 1097 520 Cumanum
1115 479 1204 518 veni
1223 490 1313 518 cum

178 536 332 575 Libone
351 544 433 585 tuo,
454 537 515 575 vel
538 544 667 574 nostro
685 536 827 588 potius.
858 535 908 573 In
933 535 1217 586 Pompeianum
1237 540 1316 572 εἰει-

178 591 251 629 tim
271 591 419 642 cogito:
452 591 518 629 sed
545 591 686 628 faciam
712 598 800 629 ante
825 597 863 628 te
885 589 1096 628 certiorem.
1141 589 1203 627 Te
1222 600 1313 627 cum

182 658 334 697 semper
367 646 492 683 valere
530 645 658 696 cupio,
690 653 777 682 tum
801 652 913 692 certe,
939 644 1035 681 dum
1072 644 1138 682 hic
1167 656 1316 681 sumus.

180 699 302 738 Vides
329 700 449 747 enim,
471 706 616 751 quanto
641 706 728 749 post
748 700 829 737 una
847 699 970 736 futuri
991 698 1123 736 simus.
1165 697 1313 745 Quare,

181 753 213 792 si
234 753 339 806 quod
368 755 622 792 constitutum
651 766 740 791 cum
760 753 933 805 podagra
949 753 1083 800 habes,
1112 751 1174 790 fac
1201 759 1246 789 ut
1272 751 1313 789 in

180 808 302 846 alium
322 808 426 846 diem
445 808 610 846 differas.
655 807 761 845 Cura
785 808 918 859 igitur,
939 814 985 845 ut
1008 807 1160 846 valeas:
1192 812 1232 845 et
1250 818 1315 844 me

178 863 252 902 hoc
266 862 386 901 biduo
406 870 474 901 aut
493 862 622 901 triduo
642 871 833 914 exspecta.

259 1024 346 1079 (5.)
379 1024 593 1066 CICERO
625 1024 868 1075 CAESARI,
898 1024 1102 1065 IMPER.
1131 1026 1171 1066 S.
1191 1025 1246 1064 D.

238 1134 571 1186 (Argumentum.
589 1158 643 1164 —
659 1135 704 1174 C.
725 1135 959 1174 Trebatium
989 1135 1164 1185 Testam,
1195 1134 1315 1185 juris-

183 1191 420 1238 consultum,
455 1189 687 1228 familiarem
726 1203 856 1239 suum,
897 1190 1055 1240 Caesari,
1095 1190 1317 1229 Galliarum

180 1245 416 1296 proconsuli,
437 1244 730 1296 diligentissime
749 1243 1027 1294 commendat.)

234 1353 353 1402 Vide,
367 1365 487 1405 quam
499 1353 598 1392 mihi
609 1354 879 1405 persuaserim,
900 1360 937 1392 te
957 1367 1036 1393 esse
1051 1354 1217 1393 alterum
1231 1366 1310 1402 me,

182 1419 261 1446 non
281 1408 398 1446 modo
423 1408 464 1446 in
491 1408 552 1446 his
571 1410 686 1447 rebus
705 1422 792 1460 quae
813 1408 862 1447 ad
880 1421 945 1447 me
958 1408 1103 1461 ipsum,
1120 1409 1186 1447 sed
1201 1408 1318 1447 etiam

182 1461 224 1500 in
244 1462 290 1501 iis
306 1476 394 1515 quae
413 1463 462 1500 ad
477 1475 597 1511 meos,
617 1463 822 1514 pertinent.
853 1463 898 1502 C.
923 1463 1154 1502 Trebatium
1173 1463 1319 1515 cogita-

184 1529 286 1565 ram,
315 1529 561 1569 quocumque
595 1517 754 1565 exirem,
785 1530 941 1556 mecum
964 1518 1117 1564 ducere,
1143 1525 1188 1555 ut
1210 1531 1317 1566 eum,

180 1571 279 1609 meis
293 1571 474 1610 omnibus
488 1571 638 1619 studiis,
653 1571 862 1619 beneficiis,
879 1585 999 1624 quam
1013 1572 1316 1619 ornatissimum,

183 1625 348 1664 domum
381 1626 615 1664 reducerem.
663 1626 754 1675 Sed,
789 1634 1042 1679 posteaquam
1068 1633 1106 1665 et
1138 1626 1318 1679 Pompeii

182 1681 434 1718 commoratio
449 1680 667 1719 diuturnior
685 1688 779 1729 erat,
796 1694 915 1733 quam
934 1681 1142 1733 putaram3
1173 1688 1211 1720 et
1228 1693 1318 1720 mea

183 1734 365 1785 quaedam
391 1735 462 1773 tibi
481 1747 559 1773 non
577 1735 709 1787 ignota
728 1735 918 1775 dubitatio
937 1743 1006 1774 aut
1023 1735 1211 1787 impedire
1229 1747 1319 1787 pro-

177 1788 389 1829 fectionem
407 1802 536 1828 meam
564 1790 779 1840 videbatur,
800 1797 868 1829 aut
887 1798 987 1830 certe
1009 1790 1185 1836 tardare;
1215 1790 1317 1838 vide,

181 1842 279 1895 quid
296 1843 396 1881 mihi
414 1844 631 1882 sumserim.
663 1845 773 1897 Coepi
798 1845 911 1893 velle,
932 1858 977 1884 ea
997 1844 1229 1884 Trebatium
1246 1857 1318 1883 ex-

184 1904 357 1949 spectare
375 1911 399 1936 a
417 1905 469 1947 te,
497 1912 586 1950 quae
616 1899 803 1950 sperasset
821 1913 845 1938 a
861 1913 937 1938 me.
982 1900 1124 1952 Neque
1146 1898 1319 1951 (meher-

187 1950 292 2002 cule)
331 1952 462 1991 minus
489 1953 524 1991 ei
560 1953 709 2005 prolixe
735 1954 782 1992 de
811 1955 881 1993 tua
913 1954 1112 1993 voluntate
1143 1953 1317 2006 promisi,

187 2019 309 2058 quam
328 2019 434 2045 eram
452 2007 588 2046 solitus
608 2007 655 2046 de
674 2008 763 2047 mea
780 2009 964 2060 polliceri.

241 2060 364 2099 Casus
389 2074 479 2100 vero
501 2062 687 2102 mirificus
712 2063 873 2114 quidam
892 2062 1111 2111 intervenit,
1127 2061 1240 2115 quasi
1258 2061 1321 2101 vel

178 2115 293 2154 testis
321 2115 514 2167 opinionis
537 2129 650 2166 meae,
671 2118 733 2156 vel
759 2129 918 2170 sponsor
944 2117 1198 2159 humanitatis
1229 2123 1322 2155 tuae.

184 2169 309 2217 Nam,
326 2183 433 2219 cum,
454 2169 502 2210 de
519 2170 593 2210 hoc
611 2171 697 2224 ipso
716 2171 917 2220 Trebatio,
937 2185 1028 2212 curn
1039 2173 1174 2215 <Balbo
1191 2178 1322 2210 nostro

181 2223 360 2276 loquerer
379 2225 595 2266 accuratius
624 2226 731 2266 domi
750 2239 861 2276 meae,
877 2227 998 2268 literae
1016 2226 1117 2267 mihi
1139 2226 1282 2265 dantur
1300 2238 1325 2264 a
