1501 2407
273 115 296 151 4
503 115 582 153 AD
610 113 910 154 DIVERSOS.
941 112 1042 152 11113.
1063 112 1098 151 1.
1126 112 1164 150 2.

272 222 320 260 de
339 222 523 274 Pompeio
537 223 737 271 retulisset,
756 221 950 260 intendere
968 220 1093 272 coepit,
1112 225 1201 258 ante
1220 230 1259 256 se
1276 229 1388 268 opor-

271 283 349 313 tere
359 276 623 314 discessionem
632 276 765 324 facere,
779 289 897 327 quam
912 275 1096 313 consules.
1114 273 1212 323 Ejus
1225 270 1387 310 orationi

271 329 512 368 vehementer
530 332 579 368 ab
604 330 783 368 omnibus
806 329 1055 367 reclamatum
1074 335 1152 366 est:
1184 332 1263 364 erat
1281 324 1385 362 enim

271 382 405 433 iniqua
421 391 459 422 et
477 396 587 422 nova.
619 384 803 422 Consules
821 395 945 434 neque
963 381 1232 425 concedebant,
1261 391 1387 428 neque

268 436 378 475 valde
410 439 690 488 repugnabant,
731 437 848 474 Diem
881 435 1054 474 consumi
1085 434 1290 478 volebant;
1328 431 1384 477 id,

269 490 374 540 quod
402 498 457 528 est
482 491 639 528 factum.
675 490 957 542 Perspiciebant
982 489 1100 536 enim,
1129 488 1169 525 in
1189 484 1387 525 Hortensii

268 544 494 582 sententiam
512 545 647 583 multis
661 545 831 595 partibus
844 544 971 594 plures
982 543 1100 580 ituros
1114 555 1127 587 ς
1148 551 1385 593 quamquam

269 605 397 647 aperte
416 598 591 636 Volcatio
609 598 890 636 assentirentur.
920 596 1044 634 Multi
1062 597 1308 645 rogabantur,
1327 599 1387 630 at-

269 664 346 701 que
364 651 404 688 id
422 652 550 702 ipsum
570 652 788 690 consulibus
807 651 934 690 invitis
950 664 961 688 =
991 662 1083 688 nam
1101 649 1128 686 ii
1150 647 1284 687 Bibuli
1299 658 1384 685 sen-

269 705 428 743 tentiam
448 706 571 744 valere
590 706 800 757 cupierunt.

324 758 412 797 Hac
429 760 681 798 controversia
698 771 820 810 usque
842 758 891 796 ad
909 765 1059 796 noctem
1084 755 1213 803 ducta,
1233 759 1386 793 senatus

267 811 471 850 dimissus:
502 821 539 850 et
553 826 623 864 ego
642 826 686 851 eo
705 813 766 851 die
784 826 872 850 casu
891 811 996 863 apud
1014 810 1244 861 Pompeium
1262 819 1386 847 coena-

267 866 333 911 vi;
375 874 584 918 nactusque
606 874 760 918 tempus
788 866 861 905 hoc
889 864 1012 916 magis
1040 864 1236 910 idoneum,
1268 874 1387 913 quam

265 931 439 970 unquam
468 928 593 968 antea,
625 920 729 972 quod
757 927 843 971 post
874 927 986 957 tuum
1009 918 1216 956 discessum
1244 915 1277 954 is
1308 915 1389 953 dies

267 972 554 1012 honestissimus
584 975 694 1012 nobis
721 975 846 1011 fuerat
866 973 908 1010 in
931 978 1078 1019 senatu,
1104 971 1159 1009 ita
1183 982 1269 1008 sum
1297 981 1386 1007 cum

268 1026 335 1064 illo
353 1027 516 1074 locutus,
535 1035 581 1065 ut
598 1027 696 1065 mihi
710 1027 855 1066 viderer
868 1026 1042 1065 animum
1052 1024 1218 1063 hominis
1235 1024 1286 1061 ab
1302 1035 1386 1061 om-

266 1080 309 1117 ni
328 1081 404 1119 alia
422 1081 647 1132 cogitatione
666 1081 715 1119 ad
733 1088 841 1119 tuam
866 1079 1091 1131 dignitatem
1109 1077 1293 1116 tuendam
1310 1083 1389 1115 tra-

266 1133 403 1173 ducere
419 1150 431 1173 :
461 1148 577 1186 quem
605 1148 676 1186 ego
699 1135 828 1186 ipsum
858 1147 947 1172 cum
972 1132 1102 1181 audio,
1124 1144 1277 1184 prorsus
1296 1143 1386 1168 eum

266 1187 386 1226 libero
405 1189 512 1227 omni
530 1189 744 1240 suspicione
762 1187 993 1239 cupiditatis.
1033 1186 1136 1225 Cum
1155 1193 1284 1224 autem
1303 1184 1387 1233 ejus

265 1241 472 1281 familiares
500 1244 675 1280 omnium
704 1242 882 1280 ordinum
912 1240 1036 1289 video,
1073 1238 1274 1291 perspicio,
1313 1237 1384 1286 (id,

266 1295 370 1345 quod
393 1297 476 1344 jam
498 1296 677 1334 omnibus
704 1302 761 1332 est
791 1301 984 1346 apertum)
1011 1300 1132 1331 totam
1161 1304 1243 1330 rem
1271 1292 1386 1329 istam

262 1349 498 1400 jampridem
524 1363 548 1387 a
570 1349 681 1387 certis
698 1348 932 1395 hominibus,
956 1359 1034 1385 non
1051 1345 1172 1399 invito
1196 1358 1286 1396 rege
1302 1345 1386 1398 ipso

266 1402 564 1454 consiliariisque
584 1404 679 1452 ejus,
700 1414 779 1440 esse
797 1409 1028 1452 corruptam.

322 1456 419 1494 Haec
437 1456 568 1508 scripsi
586 1469 620 1493 a„
641 1456 678 1493 d.
695 1455 801 1493 XVI
822 1455 909 1493 Cal.
921 1455 1034 1493 Febr.
1048 1461 1135 1493 ante
1153 1453 1291 1492 lucem.
1321 1451 1383 1491 Eo

266 1509 329 1547 die
347 1517 496 1548 senatus
516 1517 595 1548 erat
611 1509 776 1547 futurus.
805 1508 891 1547 Nos
908 1508 948 1546 in
969 1515 1116 1554 senatu,
1132 1506 1385 1559 quemadmo-

265 1563 361 1600 dum
391 1576 514 1615 spero,
534 1563 758 1614 dignitatem
781 1570 951 1601 nostram
977 1565 1039 1605 (ut
1062 1569 1186 1613 potest
1209 1561 1250 1598 in
1276 1560 1385 1598 tanta

265 1617 468 1654 hominum
487 1616 645 1668 perfidia
663 1625 702 1655 et
723 1616 942 1668 iniquitate)
965 1615 1226 1654 retinebimus.
1264 1613 1383 1663 Quod

265 1670 315 1708 ad
328 1671 553 1722 popularem
565 1671 747 1709 rationem
761 1670 907 1717 attinet,
921 1670 993 1708 hoc
1007 1669 1181 1707 videmur
1195 1680 1275 1706 oese
1292 1679 1384 1706 con·

266 1725 398 1771 secuti,
418 1731 462 1762 ut
479 1737 527 1762 ne
546 1724 639 1775 quid
665 1725 728 1775 agi
752 1737 841 1762 cum
860 1724 1017 1775 populo,
1038 1733 1104 1761 aut
1123 1722 1234 1760 salvis
1252 1721 1383 1772 auspi-

265 1778 346 1825 ciis,
366 1785 433 1816 aut
456 1778 568 1816 salvis
593 1778 756 1828 legibus,
786 1785 853 1815 aut
880 1777 1043 1828 denique
1065 1776 1144 1814 sine
1166 1775 1218 1821 vi,
1250 1774 1381 1826 possit.

265 1832 329 1869 De
347 1832 406 1870 his
424 1833 537 1869 rebus
561 1831 696 1882 pridie,
723 1844 842 1883 quam
859 1831 941 1869 haec
960 1830 1103 1881 scripsi,
1125 1831 1275 1866 senatus
1293 1840 1383 1866 auc-

265 1885 395 1923 toritas
420 1885 642 1936 gravissima
670 1884 899 1923 intercessit:
930 1884 992 1922 cui
1017 1896 1104 1922 cum
1128 1883 1225 1920 Cato
1251 1890 1287 1920 et
1307 1880 1385 1922 Ca-

266 1939 394 1977 ninius
411 1939 715 1987 intercessissent,
736 1947 865 1976 tamen
884 1945 939 1976 est
957 1937 1172 1989 perscripta.
1211 1935 1314 1973 Eam
1332 1935 1382 1973 ad

268 2002 305 2032 te
326 1993 483 2031 missam
502 2005 581 2030 esse
599 1992 775 2031 arbitror.
804 1992 867 2030 De
885 1991 1027 2029 caeoeris
1045 1991 1172 2037 rebus,
1193 1988 1384 2040 quidquid

268 2047 338 2086 erit
363 2055 507 2094 actum,
533 2046 697 2084 scribam
719 2046 768 2084 ad
796 2053 863 2091 te;
892 2052 943 2091 et,
962 2051 1007 2082 ut
1034 2056 1151 2095 quam
1179 2042 1385 2080 rectissime

267 2106 430 2151 agantur
448 2100 591 2146 omnia,
617 2112 704 2139 mea
725 2098 833 2149 cura,
859 2098 988 2151 opera,
1015 2096 1227 2149 dfljgcntia,
1246 2095 1383 2148 gratia,

268 2153 487 2209 providebo.
514 2153 627 2194 vale.
