1501 2407
358 132 442 171 AD
470 130 766 171 DIVERSOS.
797 130 898 170 Lm.
919 129 954 167 Ι.
984 131 1021 168 9.
1198 128 1250 164 25

127 238 233 278 timis
251 239 359 279 terris
375 240 534 279 miseris.
565 240 650 278 Nec
660 239 733 278 hoc
752 238 1016 290 pertimueris:
1037 248 1128 274 nam
1148 249 1170 274 a
1187 248 1251 274 me

127 293 211 344 ipso
228 293 448 341 laudantur,
470 302 506 332 et
521 293 782 332 laudabuntur
796 292 925 331 iidem.
956 291 1032 330 Sed
1043 299 1172 329 tamen
1187 289 1253 328 de-

126 347 307 386 fendendi
325 349 475 387 Vatinii
492 348 568 386 fuit
587 349 702 386 etiam
728 347 792 385 ille
817 346 1011 393 stimulus,
1033 345 1080 383 de
1098 357 1188 396 quo,
1209 344 1250 381 in

121 401 282 450 judicio,
299 415 388 440 cum
407 403 520 440 illum
540 402 798 450 defenderem,
819 399 901 438 dixi
919 413 982 438 me
999 399 1120 438 facere
1134 397 1248 450 quid-

126 454 232 502 dam,
249 456 353 507 quod
366 457 407 494 in
428 456 686 494 “Eunucho''
705 455 892 507 parasitus
911 454 1084 493 suaderet
1103 452 1217 490 militi
1234 466 1244 489 ε

199 537 228 557 “
248 535 330 574 Ubi
347 536 561 574 nominabit
581 535 815 583 Phaedriam,
837 542 879 572 tu
899 534 1148 585 Pamphilam

196 588 402 628 Continuo.
432 590 474 629 Si
494 590 648 641 quando
663 590 729 627 illa
744 589 856 637 dicet,
875 594 886 611 ⁶
900 589 1119 627 Phaedriam
1133 587 1193 624 in-

192 644 452 682 tromittamus
470 644 715 682 comissatum
730 644 757 689 ;’
781 651 839 691 tu,
862 645 874 665 ⁴
891 643 1139 694 Pamphilam

195 697 403 736 Cantatum
423 698 699 750 provocemus.’
730 698 773 736 Si
788 697 962 735 laudabit
979 697 1061 735 haec

194 751 308 790 Illius
325 752 490 790 formam
507 766 519 797 ;
551 760 593 790 tu
612 752 730 801 hujus
750 759 890 789 contra.
921 751 1101 802 Denique

194 806 272 844 Par
289 807 374 858 pari
391 806 543 855 referto,
564 806 668 858 quod
686 819 770 844 eam
789 805 987 844 mordeat-⁹
992 805 1002 823 ’

119 887 182 926 Sic
200 887 318 938 petivi
336 901 359 926 a
383 888 590 938 judicibus,
618 896 676 934 ut,
701 888 882 939 quoniam
911 886 1070 939 quidam
1095 886 1241 924 nobiles

117 942 306 1002 homines,
328 950 363 980 et
383 941 430 980 d'e
448 955 512 980 me
531 942 675 994 optime
688 942 828 988 meriti,
858 941 973 979 nimis
992 949 1164 978 amarent
1183 941 1243 978 in-

116 995 276 1034 imicum
288 1009 434 1044 meum,
443 1009 582 1048 meque
593 997 827 1047 inspectante
840 1009 939 1046 saepe
954 1008 1043 1033 eum
1054 995 1095 1032 in
1107 1003 1241 1033 senatu

117 1050 233 1088 modo
252 1063 377 1089 severe
403 1050 636 1097 seducerent,
653 1050 768 1088 modo
786 1050 1023 1088 familiariter
1041 1057 1156 1100 atque
1181 1049 1241 1086 hi-

114 1104 194 1142 lare
208 1105 546 1156 amplexarentur·
577 1104 837 1156 quoniamque
852 1104 909 1141 1111
927 1104 1110 1142 haberent
1126 1115 1241 1140 suum

117 1158 322 1206 Publium,
343 1159 478 1197 darent
504 1158 697 1210 mihiipsi
723 1158 841 1195 alium
870 1158 1071 1203 Publium,
1092 1157 1133 1194 in
1162 1170 1241 1208 quo

114 1225 265 1263 possem
287 1213 444 1251 illorum
468 1213 630 1257 animos,
653 1212 893 1250 mediocriter
917 1211 1125 1259 lacessitus,
1146 1211 1241 1249 len-

113 1273 171 1304 ter
198 1280 421 1318 repungere.
464 1268 604 1319 Neque
631 1266 755 1305 solum
781 1266 876 1313 dixi,
904 1265 969 1303 sed
997 1265 1112 1303 etiam
1140 1278 1239 1316 saepe

113 1320 224 1368 facio,
248 1321 335 1360 Diis
359 1321 657 1373 hominibusque
686 1319 998 1372 approbantibus.
1038 1319 1172 1357 Habes
1190 1319 1238 1357 de

116 1374 302 1414 Vatinio:
332 1387 513 1426 cognosce
532 1376 580 1414 de
599 1375 747 1414 Crasso.

165 1429 268 1492 Ego,
289 1443 378 1468 cum
396 1430 494 1467 mihi
516 1443 605 1468 cum
631 1430 698 1467 1110
725 1440 868 1491 magna
883 1428 966 1477 jam
984 1427 1107 1478 gratia
1126 1435 1234 1477 esset,

98 1483 217 1534 -quod
235 1485 317 1534 ejus
328 1497 460 1522 omnes
472 1484 712 1535 gravissimas
726 1482 899 1532 injurias,
917 1482 1132 1520 communis
1146 1494 1236 1520 con-

111 1537 249 1576 cordiae
267 1551 395 1586 causa,
416 1538 632 1576 voluntaria
657 1536 825 1589 quadam
844 1536 1033 1574 oblivione
1051 1536 1237 1575 contrive-

109 1604 208 1640 ram,
233 1593 473 1643 repentinam
506 1593 588 1641 ejus
617 1591 877 1630 defensionem
909 1590 1080 1637 Gabinii,
1118 1603 1236 1641 quem

110 1645 296 1696 proximis
324 1646 605 1711 superioribus
608 1646 742 1684 diebus
762 1644 944 1684 acerrime
962 1644 1233 1695 oppugnasset,

108 1706 253 1748 tamen,
275 1701 307 1738 si
325 1701 406 1739 sine
424 1701 506 1739 ulla
524 1713 610 1739 mea
629 1699 861 1738 contumelia
876 1698 1110 1749 suscepisset,
1124 1699 1234 1737 tulis-

98 1765 201 1792 sem.
243 1754 333 1803 Sed,
360 1752 463 1793 cum‘
479 1767 543 1793 me
568 1755 843 1806 disputantem,
870 1765 948 1790 non
971 1753 1231 1800 lacessentem,

45 1815 51 1819 '
105 1807 277 1857 laos-sset,
298 1809 435 1856 exarsi,
449 1821 526 1847 non
540 1810 666 1847 solum
680 1807 857 1860 praesenti
875 1806 1020 1854 (credo)
1033 1806 1233 1846 iracundia.

108 1864 217 1905 (narn
230 1875 274 1901 83
286 1870 367 1901 tam
380 1863 584 1901 vehemens
597 1863 755 1901 fortasse
768 1874 845 1900 non
857 1860 1033 1908 fuisset);
1050 1860 1130 1908 sed,
1141 1874 1231 1899 cum

106 1915 300 1955 inclusum
317 1917 417 1957 illud
435 1917 568 1955 odium
586 1917 800 1955 multarum
823 1917 905 1965 ejus
927 1915 968 1952 in
989 1927 1053 1953 me
1070 1915 1230 1965 injuria-

107 1981 211 2017 rum,
238 1970 342 2022 quod
369 1984 440 2033 ego
466 1971 643 2010 effudisse
667 1983 730 2009 me
753 1983 868 2010 omne
891 1969 1115 2018 arbitrabar,
1138 1969 1230 2007 resi-

105 2023 231 2061 duum
245 2032 389 2075 tamen,
402 2026 584 2064 insciente
599 2038 676 2073 me,
692 2025 850 2071 fuisset3
867 2036 981 2062 omne
994 2032 1149 2075 repente
1161 2036 1230 2074 ap-

105 2077 247 2129 paruit.
276 2077 369 2127 Quo
388 2079 545 2132 quidem
564 2087 735 2131 tempore
746 2079 845 2131 ipso,
861 2077 1021 2129 quidam
1035 2077 1228 2125 homines,

105 2138 145 2170 et
172 2131 291 2170 11(18111
318 2132 391 2182 1111,
417 2147 513 2185 quos
539 2147 639 2186 saepe
663 2142 763 2172 nutu
786 2132 1136 2185 significationeque
1160 2145 1229 2182 ap-

91 2184 223 2237 pello,
244 2198 334 2225 cum
353 2200 393 2226 se
410 2187 628 2227 maximum
647 2187 817 2227 fructum
837 2186 979 2248 cepisse
998 2185 1166 2224 dicerent
1181 2198 1229 2222 ex

104 2238 280 2278 libertate
307 2241 410 2290 mea,
437 2254 578 2295 meque
604 2249 690 2283 tum
715 2242 881 2295 denique
906 2239 981 2279 sibi
1004 2252 1084 2280 8558
1101 2239 1228 2279 visum

164 2295 331 2346 (Epist.)
352 2307 382 2334 v
387 2306 459 2337 oL.
481 2307 512 2335 1.
925 2304 957 2332 n
