1481 2422
327 103 412 143 AD
440 102 739 144 DIVERSOS.
764 103 866 143 L113.
896 104 950 144 X.
985 105 1046 143 12.
1178 107 1258 145 295

124 221 210 253 rat:
240 219 280 252 at
298 226 369 266 ego
388 213 423 252 ei
446 213 576 252 literas
597 220 684 252 tuas
701 228 711 252 :
742 212 938 252 nihildum
960 214 1065 253 enim
1085 214 1253 254 sciebat:

123 280 216 307 nam
228 267 278 312 ad
295 281 359 306 me
376 268 550 320 primum
562 267 799 307 Varisidius:
824 267 942 319 idque
961 268 1033 307 sibi
1051 282 1074 307 a
1092 276 1130 307 te
1142 282 1256 307 man-

121 323 259 362 datum
291 336 370 361 esse
391 323 553 361 dicebat.
590 322 716 361 Paulo
742 329 829 374 post
853 322 958 361 idem
982 323 1080 361 mihi
1106 323 1255 362 Muna-

121 377 198 417 tius
218 391 280 416 eas
298 368 426 416 literas
451 376 632 429 legendas
660 376 779 425 dedit,
801 390 897 429 quas
921 377 997 429 ipsi
1018 377 1190 427 miseras,
1216 386 1254 417 et

120 445 197 482 eaS,
220 445 316 484 quas
335 432 499 484 publice.
535 431 689 470 Placuit
711 431 836 479 nobis,
862 440 908 469 ut
933 432 1063 470 statim
1083 432 1132 470 ad
1160 433 1256 471 Cor-

119 494 494 538 nutum,praetorem
506 480 717 534 urbanum,
737 485 866 524 literas
887 485 1149 532 deferremus;
1171 487 1253 538 qui,

119 542 227 592 quod
256 541 432 580 consules
457 542 628 586 aberant,
650 540 849 579 consulare
873 553 1020 580 munus
1042 540 1254 580 sustinebat

117 607 225 635 more
244 597 450 646 majorum.

173 650 338 689 Senatus
358 658 414 689 est
425 650 606 689 continuo
619 657 846 689 convocatus
862 663 874 697 3
894 650 1153 703 frequensque
1165 663 1256 689 con-

116 705 223 743 venit
246 712 402 757 propter
428 705 575 743 famam
605 712 721 757 atque
750 705 1072 757 exspectationem
1097 713 1253 744 tuarum

117 759 329 798 literarum.
372 760 560 798 Recitatis
588 759 721 809 literis,
750 760 880 797 oblata
907 760 1040 811 religio
1078 760 1253 799 Cornuto

117 820 188 863 est,
216 814 474 866 pullariorum
493 813 711 862 admonitu,
732 826 810 852 non
830 814 920 853 satis
938 814 1141 865 diligenter
1161 827 1252 853 eum

117 869 298 920 auspiciis
330 882 486 921 operam
517 868 689 907 dedisse:
732 868 850 920 idque
879 883 902 907 a
931 876 1060 907 nostro
1091 869 1252 920 collegio

118 925 413 975 comprobatum
432 930 499 962 est.
526 923 667 975 Itaque
686 936 744 962 res
764 923 883 961 dilata
902 930 957 962 est
976 923 1017 961 in
1034 931 1247 975 posterum.

117 976 180 1016 Eo
199 985 330 1017 autem
349 978 412 1017 die
435 991 579 1028 magna
601 978 712 1027 mihi,
740 991 810 1030 pro
836 978 905 1016 tu'a
930 977 1130 1030 dignitate,
1160 990 1251 1016 con-

117 1033 238 1071 tentio
274 1046 364 1072 cum
395 1033 584 1079 Servih'03
629 1033 697 1085 qui
727 1045 816 1071 cum
845 1033 970 1084 gratia
998 1032 1179 1071 effecisset
1206 1040 1252 1071 ut

117 1099 188 1125 sua
218 1088 405 1126 sententia
433 1087 560 1139 prima
590 1087 918 1139 pronuntiaretur,
949 1087 1131 1139 frequens
1161 1100 1251 1126 eum

117 1149 271 1181 senatus
295 1142 465 1195 reliquit,
486 1150 524 1181 et
541 1142 582 1180 in
608 1142 684 1180 alia
702 1142 833 1180 omnia
851 1141 1044 1181 discessit:
1075 1155 1251 1194 meaeque

119 1197 329 1245 sententiae,
355 1211 442 1249 quae
471 1196 637 1235 secunda
662 1196 911 1249 pronuntiata
935 1203 1028 1243 erat,
1059 1209 1147 1235 cum
1177 1197 1254 1235 fre-

118 1264 241 1302 quens
267 1253 511 1291 assentiretur
534 1259 702 1299 senatus,
724 1260 860 1302 rogatu
881 1251 1033 1290 Servilii
1053 1251 1099 1289 P.
1120 1251 1251 1289 Titius

118 1304 339 1345 intercessit.
371 1307 451 1345 Res
470 1306 510 1344 in
530 1314 727 1358 posterum
747 1307 877 1344 dilata.

172 1360 293 1400 Venit
323 1369 480 1413 paratus
500 1361 698 1407 Servilius,
719 1361 747 1399 J
751 1361 813 1399 ovi
834 1361 908 1412 ipsi
935 1360 1107 1412 iniquus,
1138 1361 1250 1410 cujus

116 1413 158 1452 in
178 1416 323 1467 templo
348 1429 408 1455 res
434 1417 631 1468 agebatur.
670 1416 791 1454 Hunc
819 1415 1151 1467 quemadmodum
1174 1415 1250 1453 fre-

116 1469 254 1521 gerim,
272 1471 496 1524 quantaque
522 1471 763 1509 contentione
783 1470 936 1508 Titium
962 1471 1249 1508 intercessorem

117 1525 337 1574 abjecerim,
369 1539 418 1564 ex
450 1525 614 1563 aliorum
644 1533 681 1564 te
720 1525 838 1563 literis
870 1525 974 1564 malo
1012 1537 1248 1576 cognoscere.

118 1578 258 1618 Unum
287 1580 360 1619 hoc
389 1594 438 1619 ex
467 1579 585 1619 meis:
620 1587 774 1619 senatus
804 1580 969 1631 gravior,
1001 1579 1248 1628 constantior,

117 1633 276 1672 amicior
304 1635 381 1674 tuis
413 1635 609 1681 laudibus,
637 1648 718 1673 esse
747 1647 826 1673 non
853 1635 994 1686 potuit,
1017 1646 1137 1686 quam
1164 1641 1251 1672 tum

117 1687 205 1726 fuit.
236 1689 322 1728 Nec
341 1703 428 1728 vero
447 1690 518 1728 tibi
534 1697 687 1728 senatus
706 1689 877 1737 amicior,
902 1702 1022 1741 quam
1041 1695 1179 1727 cuncta
1199 1688 1252 1726 ci-

119 1742 230 1781 vitas.
273 1743 507 1783 Mirabiliter
536 1744 640 1783 enim
666 1745 834 1796 populus
865 1744 1068 1782 Romanus
1098 1743 1254 1781 univer-

119 1811 199 1846 SuS,
220 1805 258 1836 et
275 1799 453 1837 omnium
472 1812 658 1850 generum
681 1798 941 1860 ordinumque
960 1809 1180 1847 consensus,
1202 1797 1252 1836 ad

123 1851 364 1891 liberandam
383 1854 666 1905 rempublicam
685 1853 928 1905 conspiravit.

176 1907 301 1959 Perge
319 1907 452 1959 gitur,
473 1915 518 1946 ut
543 1908 624 1960 agis
641 1922 653 1955 ς
683 1921 904 1959 nomenque
922 1914 1036 1947 tuum
1055 1919 1252 1946 commen.

119 1960 170 2000 da
201 1961 507 2001 immortalitati:
549 1971 666 2015 atque
698 1963 780 2001 haec
812 1962 956 2010 omnia,
988 1976 1076 2014 quae
1107 1961 1253 2000 habent

120 2015 287 2067 speciem
305 2017 451 2068 gloriae,
480 2017 678 2056 collectam
698 2017 877 2056 inanibus
896 2016 1109 2069 splendoris
1134 2015 1254 2067 insig-

118 2070 250 2120 nibus,
271 2079 502 2118 contemne,
491 2085 502 2096 ·
523 2072 676 2134 brevia,
701 2071 868 2123 fugacia,
898 2071 1042 2110 caduca
1061 2070 1251 2109 existima.

114 2124 272 2163 Verum
290 2125 441 2165 decus
430 2139 472 2164 m
497 2127 638 2166 virtute
665 2127 837 2178 positum
863 2136 932 2176 est,
963 2139 1052 2187 quae
1083 2125 1256 2163 maxime

115 2178 334 2218 illustratur
351 2181 505 2233 magnis
524 2181 565 2219 in
585 2181 866 2234 rempublicam
885 2180 1044 2219 meritis.
1073 2180 1176 2218 Eam
1196 2180 1253 2217 fas·

118 2233 303 2274 cultatem
322 2235 440 2276 habes
464 2236 702 2278 maximam·
739 2249 859 2289 quam
879 2234 1035 2288 quando
1053 2235 1252 2287 complex-
