1501 2407
373 124 460 164 AD
486 123 784 166 DIVERSOS.
815 125 916 164 Lm.
943 124 1019 164 VI.
1049 126 1114 164 20.
1230 125 1306 170 177

193 232 241 271 iis
259 232 397 285 aliquis
415 233 543 286 potius
558 233 703 283 effluat,
723 246 842 286 quam
853 246 952 272 novo
971 233 1019 272 sit
1037 232 1187 278 aditus3
1217 246 1319 284 prae-

194 287 325 326 sertim
340 288 408 340 qui
419 288 517 326 nihil
530 289 674 335 aflerat,
684 295 820 340 praeter
838 301 993 340 operam
1007 301 1018 332 ς
1048 288 1089 325 in
1110 287 1188 338 qua
1199 287 1264 324 ille
1278 300 1317 325 se

195 341 342 380 dedisse
359 342 587 381 beneficium
605 342 771 394 putabit,
795 342 845 394 (si
863 342 979 380 modo
998 342 1039 379 id
1057 341 1186 392 ipsum
1206 339 1315 390 sciet)

196 407 275 433 non
293 397 490 448 accepisse.
519 396 596 436 Sed
613 405 742 435 tamen
762 396 909 447 aliquid
927 395 1158 441 videbimuQ
1179 394 1220 432 in
1239 407 1317 446 quo

195 449 244 487 sit
272 450 440 501 species:
471 451 580 489 aliter
601 451 757 502 quidem
783 462 862 488 non
889 450 1005 488 modo
1030 462 1108 487 non
1134 456 1317 499 appeten-

195 502 306 551 dum,
327 503 392 543 sed
410 504 527 543 etiam
554 505 796 556 fugiendum,
816 512 924 556 puto.
953 504 1041 555 Ego
1066 516 1130 541 me
1156 507 1318 541 Asturae

195 557 341 596 diutius
360 559 522 598 arbitror
546 566 888 608 commoraturum,
916 557 1044 610 quoad
1061 557 1126 596 ille
1145 556 1319 609 quando-

198 625 274 664 que
292 613 431 652 veniat.
460 613 573 653 Vale.
1296 628 1301 634 ¹

382 774 492 826 (20.)
534 772 747 813 CICERO
776 773 1050 830 TORANIO
1091 774 1131 813 S.

254 881 580 934 (Argumentum.
600 908 655 916 --
672 882 865 921 Toranius
895 883 1006 921 exsul
1035 881 1158 921 voluit
1190 880 1320 919 Caesa-

198 934 315 975 rianis
334 949 383 976 ex
402 937 596 989 Hispania
609 937 778 975 venturis
800 950 1006 984 occurrere,
1026 945 1084 984 ut,
1106 934 1256 988 captata
1273 935 1321 972 il-

198 989 327 1028 lorum
352 991 489 1042 gratia,
516 991 666 1031 facilius
691 991 834 1030 Caesari
856 991 1182 1030 reconciliaretur:
1217 987 1323 1041 quod

200 1044 333 1083 Cicero
362 1045 570 1095 dissuadet,
595 1052 633 1084 et
656 1058 810 1084 manere
835 1047 960 1096 jubet,
986 1045 1056 1084 ubi
1081 1052 1174 1091 erat,
1194 1042 1322 1095 quoad

200 1098 293 1136 scire
310 1099 442 1150 possit,
463 1100 558 1153 quid
576 1100 770 1152 agendum
789 1100 850 1138 sit.
876 1099 1003 1138 Addit
1024 1098 1321 1138 consolationem

186 1165 224 1190 >a
242 1154 440 1193 communi
458 1154 673 1193 calamitate
691 1162 729 1193 et
746 1155 839 1193 recti
857 1151 1114 1204 conscientia.)

254 1261 450 1301 Dederam
468 1262 595 1301 triduo
613 1270 702 1301 ante
718 1263 846 1315 pueris
866 1263 939 1301 Cn.
961 1260 1112 1300 Plancii
1128 1260 1256 1299 literas
1274 1257 1325 1297 ad

201 1322 240 1354 te
256 1329 267 1353 ε
298 1328 342 1355 eo
360 1329 464 1355 nunc
482 1330 546 1355 ero
564 1317 727 1365 brevior,
747 1325 875 1369 teque,
896 1323 941 1354 ut
958 1322 1070 1354 antea
1087 1315 1323 1361 consolabar,

199 1369 274 1409 hoc
301 1377 474 1422 tempore
502 1373 679 1409 monebo.
709 1370 823 1410 Nihil
846 1377 942 1422 puto
966 1369 1038 1407 tibi
1068 1382 1147 1407 esse
1175 1368 1324 1414 utilius,

204 1437 325 1476 quam
353 1424 498 1463 ibidem
516 1425 698 1477 opperiri,
722 1425 850 1477 quoad
868 1424 961 1463 scire
978 1423 1114 1475 possis,
1141 1422 1236 1474 quid
1254 1421 1326 1460 tibi

203 1478 398 1529 agendum
428 1479 488 1518 sit.
519 1479 627 1518 Nam
661 1481 817 1532 (praeter
847 1477 1101 1530 navigationis
1130 1477 1257 1527 longae
1290 1483 1328 1513 et

203 1532 381 1571 hiemalis
400 1541 438 1572 et
455 1533 617 1572 minime
641 1541 833 1587 portuosae
854 1533 1083 1586 periculum,
1110 1531 1215 1583 quod
1233 1530 1330 1569 vita-

202 1585 320 1637 veris)
353 1600 403 1626 ne
425 1587 525 1626 illud
549 1588 707 1640 quidem
731 1600 810 1626 non
832 1586 1039 1640 quantiviS‚
1068 1585 1210 1633 subito,
1238 1596 1329 1623 cum

204 1641 298 1680 certi
315 1641 464 1694 aliquid
481 1642 660 1690 audieris,
680 1649 718 1680 te
730 1642 842 1681 istinc
860 1654 970 1694 posse
988 1640 1185 1694 proficisci.
1215 1638 1330 1677 Nihil

206 1702 263 1733 est
293 1703 489 1747 praeterea,
523 1709 591 1735 cur
620 1696 910 1735 advenientibus
942 1702 980 1734 te
1013 1695 1146 1733 offerre
1178 1693 1330 1745 gestias.

207 1749 342 1788 Multa
360 1758 547 1802 praeterea
564 1759 710 1799 metuo,
727 1764 814 1803 quae
826 1763 915 1789 cum
934 1750 1069 1789 Cilone
1083 1755 1211 1787 nostro
1226 1760 1332 1786 com-

206 1803 415 1843 municavi.
443 1804 553 1853 Quid
584 1806 743 1844 multa?
773 1805 880 1844 Loco
905 1803 1175 1856 opportuniore
1199 1802 1239 1840 in
1268 1801 1331 1840 his

207 1857 321 1896 malis
352 1859 461 1897 nullo
491 1871 569 1897 esse
597 1858 782 1912 potuisti3
818 1872 866 1897 ex
895 1871 973 1911 quo
1002 1865 1054 1906 te,
1085 1868 1332 1909 quocumque

208 1924 306 1963 opus
325 1912 410 1961 erit,
429 1912 610 1952 facillime
638 1921 675 1952 et
693 1913 976 1965 expeditissime
1001 1911 1182 1950 conferas.
1212 1909 1333 1959 Quod

209 1966 243 2005 si
266 1966 422 2018 recipiet
444 1966 510 2005 ille
540 1979 594 2016 se,
624 1967 673 2006 ad
691 1975 845 2020 tempus
875 1967 1008 2006 aderis.
1039 1966 1108 2005 Sin
1129 1964 1332 2017 (quoniam

206 2020 334 2059 multa
362 2020 528 2059 accidere
559 2021 737 2073 possunt)
769 2022 900 2073 aliqua
920 2034 980 2059 res
1005 2033 1096 2059 eum
1125 2019 1187 2058 vel
1208 2018 1332 2070 impe-

208 2074 290 2113 diet
313 2075 375 2114 vel
387 2075 600 2114 morabitur
616 2090 628 2123 3
659 2083 702 2114 tu
720 2077 776 2114 ibi
790 2077 876 2124 eris,
902 2075 972 2114 ubi
985 2074 1116 2114 omnia
1136 2073 1230 2112 scire
1242 2085 1332 2125 pos-

209 2127 262 2167 sis
278 2142 289 2166 z
318 2129 392 2168 hoc
409 2129 507 2171 mihi
525 2143 680 2182 prorsus
698 2130 809 2170 valde
826 2130 963 2183 placet.
1307 2138 1311 2143 ’

192 2204 198 2207 -
263 2182 328 2223 De
345 2183 508 2236 reliquo,
528 2191 573 2224 ut
601 2191 639 2224 te
661 2198 761 2238 saepe
783 2198 853 2238 per
873 2184 1002 2224 literas
1025 2184 1200 2224 hortatus
1223 2193 1325 2230 sum,
