<?xml version="1.0" encoding="UTF-8"?>
<!DOCTYPE html PUBLIC "-//W3C//DTD XHTML 1.0 Transitional//EN"
    "http://www.w3.org/TR/xhtml1/DTD/xhtml1-transitional.dtd">
<html xmlns="http://www.w3.org/1999/xhtml" xml:lang="en" lang="en">
 <head>
  <title>
</title>
<meta http-equiv="Content-Type" content="text/html;charset=utf-8" />
  <meta name='ocr-system' content='tesseract 3.04.00' />
  <meta name='ocr-capabilities' content='ocr_page ocr_carea ocr_par ocr_line ocrx_word'/>
</head>
<body>
  <div class='ocr_page' id='page_1' title='image "./operaern09ciceuoft_0294.png"; bbox 0 0 1481 2422; ppageno 0'>
   <div class='ocr_carea' id='block_1_1' title="bbox 423 484 1151 668">
    <p class='ocr_par' dir='ltr' id='par_1_1' title="bbox 423 484 1151 668">
     <span class='ocr_line' id='line_1_1' title="bbox 423 484 1151 535; baseline 0 -2"><span class='ocrx_word' id='word_1_1' title='bbox 423 486 495 533; x_wconf 89' lang='lat' dir='ltr'>M.</span> <span class='ocrx_word' id='word_1_2' title='bbox 523 485 752 535; x_wconf 87' lang='lat' dir='ltr'><strong>TULLII</strong></span> <span class='ocrx_word' id='word_1_3' title='bbox 791 484 1151 535; x_wconf 84' lang='lat' dir='ltr'>CICERONIS</span> 
     </span>
     <span class='ocr_line' id='line_1_2' title="bbox 505 614 1074 668; baseline 0 -2"><span class='ocrx_word' id='word_1_4' title='bbox 505 614 946 668; x_wconf 81' lang='lat' dir='ltr'>EPISTOLAR</span> <span class='ocrx_word' id='word_1_5' title='bbox 957 614 999 666; x_wconf 90' lang='lat' dir='ltr'>U</span> <span class='ocrx_word' id='word_1_6' title='bbox 1010 614 1074 666; x_wconf 92' lang='lat' dir='ltr'><strong>M</strong></span> 
     </span>
    </p>
   </div>
   <div class='ocr_carea' id='block_1_2' title="bbox 577 749 981 790">
    <p class='ocr_par' dir='ltr' id='par_1_2' title="bbox 577 749 981 790">
     <span class='ocr_line' id='line_1_3' title="bbox 577 749 981 790; baseline 0.005 -2"><span class='ocrx_word' id='word_1_7' title='bbox 577 750 662 789; x_wconf 94' lang='lat' dir='ltr'>AD</span> <span class='ocrx_word' id='word_1_8' title='bbox 690 749 981 790; x_wconf 89' lang='lat' dir='ltr'>DIVERSOS</span> 
     </span>
    </p>
   </div>
   <div class='ocr_carea' id='block_1_3' title="bbox 664 880 898 920">
    <p class='ocr_par' dir='ltr' id='par_1_3' title="bbox 664 880 898 920">
     <span class='ocr_line' id='line_1_4' title="bbox 664 880 898 920; baseline 0 -1"><span class='ocrx_word' id='word_1_9' title='bbox 664 880 820 920; x_wconf 68' lang='lat' dir='ltr'>met</span> <span class='ocrx_word' id='word_1_10' title='bbox 843 880 898 919; x_wconf 91' lang='lat' dir='ltr'>X.</span> 
     </span>
    </p>
   </div>
   <div class='ocr_carea' id='block_1_4' title="bbox 707 1001 861 1030">
    <p class='ocr_par' dir='ltr' id='par_1_4' title="bbox 707 1001 861 1030">
     <span class='ocr_line' id='line_1_5' title="bbox 707 1001 861 1030; baseline -0.006 -9"><span class='ocrx_word' id='word_1_11' title='bbox 707 1001 861 1030; x_wconf 51' lang='grc'>..4-</span> 
     </span>
    </p>
   </div>
   <div class='ocr_carea' id='block_1_5' title="bbox 470 1073 1090 1149">
    <p class='ocr_par' dir='ltr' id='par_1_5' title="bbox 470 1073 1090 1149">
     <span class='ocr_line' id='line_1_6' title="bbox 470 1073 1090 1149; baseline 0.006 -15"><span class='ocrx_word' id='word_1_12' title='bbox 470 1094 561 1149; x_wconf 82' lang='grc' dir='ltr'>(ι.)</span> <span class='ocrx_word' id='word_1_13' title='bbox 593 1073 809 1138; x_wconf 69' lang='lat' dir='ltr'>menno</span> <span class='ocrx_word' id='word_1_14' title='bbox 837 1095 1090 1138; x_wconf 80' lang='lat' dir='ltr'>PLANCO.</span> 
     </span>
    </p>
   </div>
   <div class='ocr_carea' id='block_1_6' title="bbox 213 1221 1348 1439">
    <p class='ocr_par' dir='ltr' id='par_1_6' title="bbox 213 1221 1348 1439">
     <span class='ocr_line' id='line_1_7' title="bbox 270 1221 1346 1285; baseline 0.003 -26"><span class='ocrx_word' id='word_1_15' title='bbox 270 1222 596 1285; x_wconf 80' lang='lat' dir='ltr'><em>(Argumentum.</em></span> <span class='ocrx_word' id='word_1_16' title='bbox 609 1249 665 1257; x_wconf 92' lang='lat'>-</span> <span class='ocrx_word' id='word_1_17' title='bbox 678 1223 881 1263; x_wconf 86' lang='lat' dir='ltr'>Invehitur</span> <span class='ocrx_word' id='word_1_18' title='bbox 902 1223 945 1262; x_wconf 91' lang='lat' dir='ltr'>in</span> <span class='ocrx_word' id='word_1_19' title='bbox 970 1222 1136 1262; x_wconf 73' lang='lat' dir='ltr'>Antonii</span> <span class='ocrx_word' id='word_1_20' title='bbox 1156 1221 1346 1262; x_wconf 85' lang='lat' dir='ltr'>immode-</span> 
     </span>
     <span class='ocr_line' id='line_1_8' title="bbox 214 1276 1348 1330; baseline 0.001 -16"><span class='ocrx_word' id='word_1_21' title='bbox 214 1287 338 1315; x_wconf 83' lang='lat' dir='ltr'>ratam</span> <span class='ocrx_word' id='word_1_22' title='bbox 357 1278 596 1329; x_wconf 85' lang='lat' dir='ltr'>potentiam;</span> <span class='ocrx_word' id='word_1_23' title='bbox 627 1286 664 1317; x_wconf 91' lang='lat' dir='ltr'>et</span> <span class='ocrx_word' id='word_1_24' title='bbox 688 1279 895 1326; x_wconf 91' lang='lat' dir='ltr'>Plancum,</span> <span class='ocrx_word' id='word_1_25' title='bbox 916 1278 1187 1330; x_wconf 86' lang='lat' dir='ltr'>Transalpinae</span> <span class='ocrx_word' id='word_1_26' title='bbox 1206 1276 1348 1316; x_wconf 79' lang='lat' dir='ltr'>Galliae</span> 
     </span>
     <span class='ocr_line' id='line_1_9' title="bbox 213 1331 1347 1385; baseline 0.001 -16"><span class='ocrx_word' id='word_1_27' title='bbox 213 1331 432 1382; x_wconf 84' lang='lat' dir='ltr'>praesidem,</span> <span class='ocrx_word' id='word_1_28' title='bbox 452 1333 641 1381; x_wconf 86' lang='lat' dir='ltr'>hortatur,</span> <span class='ocrx_word' id='word_1_29' title='bbox 661 1341 706 1371; x_wconf 86' lang='lat' dir='ltr'>ut</span> <span class='ocrx_word' id='word_1_30' title='bbox 730 1333 771 1372; x_wconf 89' lang='lat' dir='ltr'>in</span> <span class='ocrx_word' id='word_1_31' title='bbox 792 1346 914 1385; x_wconf 89' lang='lat' dir='ltr'>remp.</span> <span class='ocrx_word' id='word_1_32' title='bbox 941 1333 1167 1371; x_wconf 88' lang='lat' dir='ltr'>incumbat·</span> <span class='ocrx_word' id='word_1_33' title='bbox 1199 1340 1238 1370; x_wconf 91' lang='lat' dir='ltr'>et</span> <span class='ocrx_word' id='word_1_34' title='bbox 1259 1339 1347 1370; x_wconf 84' lang='lat' dir='ltr'>tan-</span> 
     </span>
     <span class='ocr_line' id='line_1_10' title="bbox 213 1384 1178 1439; baseline 0.003 -16"><span class='ocrx_word' id='word_1_35' title='bbox 213 1385 306 1424; x_wconf 91' lang='lat' dir='ltr'>dem</span> <span class='ocrx_word' id='word_1_36' title='bbox 321 1386 368 1424; x_wconf 90' lang='lat' dir='ltr'>de</span> <span class='ocrx_word' id='word_1_37' title='bbox 381 1387 413 1424; x_wconf 85' lang='lat' dir='ltr'><strong>F</strong></span> <span class='ocrx_word' id='word_1_38' title='bbox 417 1387 526 1425; x_wconf 86' lang='lat' dir='ltr'>urnio</span> <span class='ocrx_word' id='word_1_39' title='bbox 539 1387 705 1439; x_wconf 86' lang='lat' dir='ltr'>benigne</span> <span class='ocrx_word' id='word_1_40' title='bbox 717 1395 892 1439; x_wconf 82' lang='lat' dir='ltr'>suscepto</span> <span class='ocrx_word' id='word_1_41' title='bbox 910 1387 1052 1439; x_wconf 82' lang='lat' dir='ltr'>gratias</span> <span class='ocrx_word' id='word_1_42' title='bbox 1066 1384 1178 1439; x_wconf 84' lang='lat' dir='ltr'>agit.)</span> 
     </span>
    </p>
   </div>
   <div class='ocr_carea' id='block_1_7' title="bbox 727 1464 838 1472">
    <p class='ocr_par' dir='ltr' id='par_1_7' title="bbox 727 1464 838 1472">
     <span class='ocr_line' id='line_1_11' title="bbox 727 1464 838 1472; baseline 0 0"><span class='ocrx_word' id='word_1_43' title='bbox 727 1464 838 1472; x_wconf 95' lang='lat' dir='ltr'> </span> 
     </span>
    </p>
   </div>
   <div class='ocr_carea' id='block_1_8' title="bbox 208 1495 1346 2312">
    <p class='ocr_par' dir='ltr' id='par_1_8' title="bbox 208 1495 1346 2312">
     <span class='ocr_line' id='line_1_12' title="bbox 285 1495 1346 1548; baseline 0.003 -15"><span class='ocrx_word' id='word_1_44' title='bbox 285 1495 341 1534; x_wconf 90' lang='lat' dir='ltr'>Et</span> <span class='ocrx_word' id='word_1_45' title='bbox 373 1495 482 1534; x_wconf 87' lang='lat' dir='ltr'>abfui</span> <span class='ocrx_word' id='word_1_46' title='bbox 514 1495 755 1548; x_wconf 85' lang='lat' dir='ltr'>proficiscens</span> <span class='ocrx_word' id='word_1_47' title='bbox 783 1497 825 1534; x_wconf 91' lang='lat' dir='ltr'>in</span> <span class='ocrx_word' id='word_1_48' title='bbox 853 1496 1071 1536; x_wconf 82' lang='lat' dir='ltr'>Graeciam·</span> <span class='ocrx_word' id='word_1_49' title='bbox 1058 1525 1071 1542; x_wconf 91' lang='lat'>‚</span> <span class='ocrx_word' id='word_1_50' title='bbox 1109 1503 1161 1544; x_wconf 80' lang='lat' dir='ltr'>et,</span> <span class='ocrx_word' id='word_1_51' title='bbox 1194 1503 1346 1548; x_wconf 66' lang='lat' dir='ltr'>postm-</span> 
     </span>
     <span class='ocr_line' id='line_1_13' title="bbox 212 1550 1344 1602; baseline 0.001 -14"><span class='ocrx_word' id='word_1_52' title='bbox 212 1563 349 1602; x_wconf 88' lang='lat' dir='ltr'>quam,</span> <span class='ocrx_word' id='word_1_53' title='bbox 370 1550 418 1588; x_wconf 89' lang='lat' dir='ltr'>de</span> <span class='ocrx_word' id='word_1_54' title='bbox 433 1563 520 1589; x_wconf 88' lang='lat' dir='ltr'>meo</span> <span class='ocrx_word' id='word_1_55' title='bbox 536 1564 664 1598; x_wconf 87' lang='lat' dir='ltr'>cursu,</span> <span class='ocrx_word' id='word_1_56' title='bbox 679 1551 899 1602; x_wconf 86' lang='lat' dir='ltr'>reipublicae</span> <span class='ocrx_word' id='word_1_57' title='bbox 914 1563 1003 1589; x_wconf 88' lang='lat' dir='ltr'>sum</span> <span class='ocrx_word' id='word_1_58' title='bbox 1021 1563 1113 1589; x_wconf 85' lang='lat' dir='ltr'>voce</span> <span class='ocrx_word' id='word_1_59' title='bbox 1131 1558 1344 1598; x_wconf 79' lang='lat' dir='ltr'>revocatus,</span> 
     </span>
     <span class='ocr_line' id='line_1_14' title="bbox 213 1605 1345 1657; baseline 0.001 -15"><span class='ocrx_word' id='word_1_60' title='bbox 213 1617 418 1656; x_wconf 84' lang='lat' dir='ltr'>nunquam</span> <span class='ocrx_word' id='word_1_61' title='bbox 437 1618 505 1656; x_wconf 90' lang='lat' dir='ltr'>per</span> <span class='ocrx_word' id='word_1_62' title='bbox 519 1606 581 1644; x_wconf 81' lang='lat' dir='ltr'>M.</span> <span class='ocrx_word' id='word_1_63' title='bbox 596 1605 817 1643; x_wconf 82' lang='lat' dir='ltr'>Antonium</span> <span class='ocrx_word' id='word_1_64' title='bbox 837 1605 991 1657; x_wconf 86' lang='lat' dir='ltr'>quietus</span> <span class='ocrx_word' id='word_1_65' title='bbox 1009 1605 1094 1650; x_wconf 86' lang='lat' dir='ltr'>fui;</span> <span class='ocrx_word' id='word_1_66' title='bbox 1115 1605 1225 1654; x_wconf 75' lang='lat' dir='ltr'>cujus</span> <span class='ocrx_word' id='word_1_67' title='bbox 1237 1612 1345 1644; x_wconf 86' lang='lat' dir='ltr'>tanta</span> 
     </span>
     <span class='ocr_line' id='line_1_15' title="bbox 214 1659 1344 1712; baseline 0.001 -16"><span class='ocrx_word' id='word_1_68' title='bbox 214 1668 285 1707; x_wconf 86' lang='lat' dir='ltr'>est,</span> <span class='ocrx_word' id='word_1_69' title='bbox 307 1671 384 1697; x_wconf 90' lang='lat' dir='ltr'>non</span> <span class='ocrx_word' id='word_1_70' title='bbox 403 1659 605 1698; x_wconf 82' lang='lat' dir='ltr'>insolentia</span> <span class='ocrx_word' id='word_1_71' title='bbox 626 1661 736 1712; x_wconf 90' lang='lat' dir='ltr'>(nam</span> <span class='ocrx_word' id='word_1_72' title='bbox 766 1660 808 1698; x_wconf 86' lang='lat' dir='ltr'>id</span> <span class='ocrx_word' id='word_1_73' title='bbox 833 1659 992 1711; x_wconf 88' lang='lat' dir='ltr'>quidem</span> <span class='ocrx_word' id='word_1_74' title='bbox 1023 1659 1180 1710; x_wconf 84' lang='lat' dir='ltr'>vulgare</span> <span class='ocrx_word' id='word_1_75' title='bbox 1204 1659 1344 1698; x_wconf 76' lang='lat' dir='ltr'>vitium</span> 
     </span>
     <span class='ocr_line' id='line_1_16' title="bbox 212 1713 1344 1762; baseline 0.001 -11"><span class='ocrx_word' id='word_1_76' title='bbox 212 1720 302 1761; x_wconf 86' lang='lat' dir='ltr'>est),</span> <span class='ocrx_word' id='word_1_77' title='bbox 324 1713 389 1752; x_wconf 89' lang='lat' dir='ltr'>sed</span> <span class='ocrx_word' id='word_1_78' title='bbox 408 1713 644 1762; x_wconf 76' lang='lat' dir='ltr'>immanitas,</span> <span class='ocrx_word' id='word_1_79' title='bbox 660 1727 739 1753; x_wconf 92' lang='lat' dir='ltr'>non</span> <span class='ocrx_word' id='word_1_80' title='bbox 757 1714 874 1753; x_wconf 92' lang='lat' dir='ltr'>modo</span> <span class='ocrx_word' id='word_1_81' title='bbox 892 1722 937 1752; x_wconf 91' lang='lat' dir='ltr'>ut</span> <span class='ocrx_word' id='word_1_82' title='bbox 955 1726 1102 1761; x_wconf 86' lang='lat' dir='ltr'>vocem,</span> <span class='ocrx_word' id='word_1_83' title='bbox 1117 1713 1184 1752; x_wconf 84' lang='lat' dir='ltr'>sed</span> <span class='ocrx_word' id='word_1_84' title='bbox 1197 1725 1246 1752; x_wconf 89' lang='lat' dir='ltr'>ne</span> <span class='ocrx_word' id='word_1_85' title='bbox 1257 1714 1344 1752; x_wconf 88' lang='lat' dir='ltr'>vul-</span> 
     </span>
     <span class='ocr_line' id='line_1_17' title="bbox 214 1767 1345 1821; baseline 0.002 -16"><span class='ocrx_word' id='word_1_86' title='bbox 214 1774 300 1806; x_wconf 84' lang='lat' dir='ltr'>tum</span> <span class='ocrx_word' id='word_1_87' title='bbox 320 1767 478 1820; x_wconf 87' lang='lat' dir='ltr'>quidem</span> <span class='ocrx_word' id='word_1_88' title='bbox 489 1769 672 1817; x_wconf 86' lang='lat' dir='ltr'>liberum,</span> <span class='ocrx_word' id='word_1_89' title='bbox 685 1769 805 1820; x_wconf 89' lang='lat' dir='ltr'><strong>possit</strong></span> <span class='ocrx_word' id='word_1_90' title='bbox 821 1768 919 1807; x_wconf 84' lang='lat' dir='ltr'>ferre</span> <span class='ocrx_word' id='word_1_91' title='bbox 931 1769 1174 1820; x_wconf 86' lang='lat' dir='ltr'>cujusquam,</span> <span class='ocrx_word' id='word_1_92' title='bbox 1203 1768 1345 1821; x_wconf 76' lang='lat' dir='ltr'>Itaque</span> 
     </span>
     <span class='ocr_line' id='line_1_18' title="bbox 213 1821 1343 1875; baseline 0 -15"><span class='ocrx_word' id='word_1_93' title='bbox 213 1821 312 1860; x_wconf 88' lang='lat' dir='ltr'>mihi</span> <span class='ocrx_word' id='word_1_94' title='bbox 331 1823 515 1861; x_wconf 77' lang='lat' dir='ltr'>maximae</span> <span class='ocrx_word' id='word_1_95' title='bbox 540 1836 642 1862; x_wconf 89' lang='lat' dir='ltr'>curae</span> <span class='ocrx_word' id='word_1_96' title='bbox 671 1831 741 1872; x_wconf 90' lang='lat' dir='ltr'>est,</span> <span class='ocrx_word' id='word_1_97' title='bbox 771 1835 848 1862; x_wconf 91' lang='lat' dir='ltr'>non</span> <span class='ocrx_word' id='word_1_98' title='bbox 879 1822 927 1861; x_wconf 88' lang='lat' dir='ltr'>de</span> <span class='ocrx_word' id='word_1_99' title='bbox 950 1822 1039 1861; x_wconf 59' lang='lat' dir='ltr'>mea</span> <span class='ocrx_word' id='word_1_100' title='bbox 1064 1821 1223 1875; x_wconf 89' lang='lat' dir='ltr'>quidem</span> <span class='ocrx_word' id='word_1_101' title='bbox 1249 1823 1343 1871; x_wconf 64' lang='lat' dir='ltr'>vitii,</span> 
     </span>
     <span class='ocr_line' id='line_1_19' title="bbox 214 1876 1343 1929; baseline 0.002 -15"><span class='ocrx_word' id='word_1_102' title='bbox 214 1876 277 1914; x_wconf 89' lang='lat' dir='ltr'>cui</span> <span class='ocrx_word' id='word_1_103' title='bbox 297 1876 474 1923; x_wconf 76' lang='lat' dir='ltr'>satisfeci,</span> <span class='ocrx_word' id='word_1_104' title='bbox 493 1878 552 1915; x_wconf 78' lang='lat' dir='ltr'>vel</span> <span class='ocrx_word' id='word_1_105' title='bbox 573 1885 697 1925; x_wconf 86' lang='lat' dir='ltr'>aetate,</span> <span class='ocrx_word' id='word_1_106' title='bbox 718 1877 778 1916; x_wconf 86' lang='lat' dir='ltr'>vel</span> <span class='ocrx_word' id='word_1_107' title='bbox 804 1877 928 1925; x_wconf 80' lang='lat' dir='ltr'>factis,</span> <span class='ocrx_word' id='word_1_108' title='bbox 957 1877 1018 1915; x_wconf 85' lang='lat' dir='ltr'>vel</span> <span class='ocrx_word' id='word_1_109' title='bbox 1043 1877 1093 1920; x_wconf 88' lang='lat' dir='ltr'>(si</span> <span class='ocrx_word' id='word_1_110' title='bbox 1112 1876 1207 1929; x_wconf 91' lang='lat' dir='ltr'>quid</span> <span class='ocrx_word' id='word_1_111' title='bbox 1226 1877 1343 1916; x_wconf 83' lang='lat' dir='ltr'>etiam</span> 
     </span>
     <span class='ocr_line' id='line_1_20' title="bbox 212 1930 1344 1983; baseline 0.001 -14"><span class='ocrx_word' id='word_1_112' title='bbox 212 1930 285 1969; x_wconf 89' lang='lat' dir='ltr'>hoc</span> <span class='ocrx_word' id='word_1_113' title='bbox 297 1931 348 1970; x_wconf 90' lang='lat' dir='ltr'>ad</span> <span class='ocrx_word' id='word_1_114' title='bbox 359 1944 439 1969; x_wconf 86' lang='lat' dir='ltr'>rem</span> <span class='ocrx_word' id='word_1_115' title='bbox 453 1932 632 1983; x_wconf 78' lang='lat' dir='ltr'>pertinet)</span> <span class='ocrx_word' id='word_1_116' title='bbox 645 1931 789 1983; x_wconf 86' lang='lat' dir='ltr'>gloria.</span> <span class='ocrx_word' id='word_1_117' title='bbox 811 1931 877 1970; x_wconf 81' lang='lat' dir='ltr'>sed</span> <span class='ocrx_word' id='word_1_118' title='bbox 887 1944 952 1970; x_wconf 90' lang='lat' dir='ltr'>me</span> <span class='ocrx_word' id='word_1_119' title='bbox 962 1931 1087 1983; x_wconf 83' lang='lat' dir='ltr'>patria</span> <span class='ocrx_word' id='word_1_120' title='bbox 1097 1931 1314 1980; x_wconf 85' lang='lat' dir='ltr'>sollicitat,</span> <span class='ocrx_word' id='word_1_121' title='bbox 1304 1943 1344 1970; x_wconf 87' lang='lat' dir='ltr'>m</span> 
     </span>
     <span class='ocr_line' id='line_1_21' title="bbox 213 1985 1344 2047; baseline 0 -24"><span class='ocrx_word' id='word_1_122' title='bbox 213 1985 441 2037; x_wconf 85' lang='lat' dir='ltr'>primisque,</span> <span class='ocrx_word' id='word_1_123' title='bbox 472 1986 528 2023; x_wconf 88' lang='lat' dir='ltr'>mi</span> <span class='ocrx_word' id='word_1_124' title='bbox 558 1987 715 2034; x_wconf 83' lang='lat' dir='ltr'>Plance,</span> <span class='ocrx_word' id='word_1_125' title='bbox 747 1985 978 2047; x_wconf 82' lang='lat' dir='ltr'>exspectatio</span> <span class='ocrx_word' id='word_1_126' title='bbox 1010 1985 1229 2024; x_wconf 60' lang='lat' dir='ltr'>consulatus</span> <span class='ocrx_word' id='word_1_127' title='bbox 1257 1986 1344 2031; x_wconf 77' lang='lat' dir='ltr'>tui;</span> 
     </span>
     <span class='ocr_line' id='line_1_22' title="bbox 212 2015 1346 2092; baseline 0.002 -15"><span class='ocrx_word' id='word_1_128' title='bbox 212 2053 302 2091; x_wconf 85' lang='lat' dir='ltr'>quae</span> <span class='ocrx_word' id='word_1_129' title='bbox 331 2039 386 2078; x_wconf 88' lang='lat' dir='ltr'>ita</span> <span class='ocrx_word' id='word_1_130' title='bbox 410 2040 527 2092; x_wconf 84' lang='lat' dir='ltr'>longa</span> <span class='ocrx_word' id='word_1_131' title='bbox 545 2048 616 2087; x_wconf 88' lang='lat' dir='ltr'>est,</span> <span class='ocrx_word' id='word_1_132' title='bbox 637 2048 680 2078; x_wconf 87' lang='lat' dir='ltr'>ut</span> <span class='ocrx_word' id='word_1_133' title='bbox 699 2041 914 2092; x_wconf 88' lang='lat' dir='ltr'>optandum</span> <span class='ocrx_word' id='word_1_134' title='bbox 934 2040 996 2085; x_wconf 86' lang='lat' dir='ltr'>sit,</span> <span class='ocrx_word' id='word_1_135' title='bbox 1017 2047 1062 2078; x_wconf 87' lang='lat' dir='ltr'>ut</span> <span class='ocrx_word' id='word_1_136' title='bbox 1078 2039 1270 2091; x_wconf 84' lang='lat' dir='ltr'>possimus</span> <span class='ocrx_word' id='word_1_137' title='bbox 1294 2015 1346 2079; x_wconf 64' lang='lat' dir='ltr'>ml</span> 
     </span>
     <span class='ocr_line' id='line_1_23' title="bbox 211 2093 1345 2146; baseline 0.001 -14"><span class='ocrx_word' id='word_1_138' title='bbox 211 2094 253 2132; x_wconf 87' lang='lat' dir='ltr'>id</span> <span class='ocrx_word' id='word_1_139' title='bbox 272 2102 426 2146; x_wconf 89' lang='lat' dir='ltr'>tempus</span> <span class='ocrx_word' id='word_1_140' title='bbox 445 2095 666 2146; x_wconf 86' lang='lat' dir='ltr'>reipublicae</span> <span class='ocrx_word' id='word_1_141' title='bbox 683 2095 862 2146; x_wconf 90' lang='lat' dir='ltr'>spiritum</span> <span class='ocrx_word' id='word_1_142' title='bbox 891 2094 1041 2134; x_wconf 84' lang='lat' dir='ltr'>duoere.</span> <span class='ocrx_word' id='word_1_143' title='bbox 1084 2093 1191 2142; x_wconf 86' lang='lat' dir='ltr'>Quae</span> <span class='ocrx_word' id='word_1_144' title='bbox 1220 2103 1345 2146; x_wconf 55' lang='lat' dir='ltr'>potest</span> 
     </span>
     <span class='ocr_line' id='line_1_24' title="bbox 212 2147 1344 2201; baseline 0 -15"><span class='ocrx_word' id='word_1_145' title='bbox 212 2149 317 2187; x_wconf 90' lang='lat' dir='ltr'>enim</span> <span class='ocrx_word' id='word_1_146' title='bbox 337 2162 424 2200; x_wconf 86' lang='lat' dir='ltr'>spes</span> <span class='ocrx_word' id='word_1_147' title='bbox 452 2161 531 2188; x_wconf 87' lang='lat' dir='ltr'>esse</span> <span class='ocrx_word' id='word_1_148' title='bbox 553 2149 593 2187; x_wconf 83' lang='lat' dir='ltr'>in</span> <span class='ocrx_word' id='word_1_149' title='bbox 613 2162 660 2188; x_wconf 83' lang='lat' dir='ltr'>ea</span> <span class='ocrx_word' id='word_1_150' title='bbox 677 2149 920 2201; x_wconf 66' lang='lat' dir='ltr'>republica,</span> <span class='ocrx_word' id='word_1_151' title='bbox 909 2161 951 2186; x_wconf 88' lang='grc' dir='ltr'>ιιι</span> <span class='ocrx_word' id='word_1_152' title='bbox 979 2161 1059 2200; x_wconf 86' lang='lat' dir='ltr'>qua</span> <span class='ocrx_word' id='word_1_153' title='bbox 1081 2147 1280 2187; x_wconf 86' lang='lat' dir='ltr'>hominis&#39;</span> <span class='ocrx_word' id='word_1_154' title='bbox 1268 2161 1344 2186; x_wconf 82' lang='lat' dir='ltr'>im-</span> 
     </span>
     <span class='ocr_line' id='line_1_25' title="bbox 212 2202 1343 2255; baseline 0.001 -14"><span class='ocrx_word' id='word_1_155' title='bbox 212 2203 467 2255; x_wconf 82' lang='lat' dir='ltr'>potentissimi</span> <span class='ocrx_word' id='word_1_156' title='bbox 499 2212 616 2255; x_wconf 89' lang='lat' dir='ltr'>atque</span> <span class='ocrx_word' id='word_1_157' title='bbox 647 2202 998 2255; x_wconf 79' lang='lat' dir='ltr'>intemperatissimi</span> <span class='ocrx_word' id='word_1_158' title='bbox 1015 2202 1134 2240; x_wconf 78' lang='lat' dir='ltr'>annis</span> <span class='ocrx_word' id='word_1_159' title='bbox 1162 2215 1343 2254; x_wconf 53' lang='lat' dir='ltr'>oppressa</span> 
     </span>
     <span class='ocr_line' id='line_1_26' title="bbox 208 2257 1341 2312; baseline 0.001 -17"><span class='ocrx_word' id='word_1_160' title='bbox 208 2266 301 2296; x_wconf 85' lang='lat' dir='ltr'>sunt</span> <span class='ocrx_word' id='word_1_161' title='bbox 319 2258 474 2297; x_wconf 84' lang='lat' dir='ltr'>omnia</span> <span class='ocrx_word' id='word_1_162' title='bbox 464 2259 482 2285; x_wconf 72' lang='lat'>‘³</span> <span class='ocrx_word' id='word_1_163' title='bbox 513 2266 551 2297; x_wconf 91' lang='lat' dir='ltr'>et</span> <span class='ocrx_word' id='word_1_164' title='bbox 568 2258 608 2296; x_wconf 92' lang='lat' dir='ltr'>in</span> <span class='ocrx_word' id='word_1_165' title='bbox 629 2271 708 2312; x_wconf 85' lang='lat' dir='ltr'>qua</span> <span class='ocrx_word' id='word_1_166' title='bbox 727 2270 796 2297; x_wconf 88' lang='lat' dir='ltr'>nec</span> <span class='ocrx_word' id='word_1_167' title='bbox 815 2265 968 2297; x_wconf 85' lang='lat' dir='ltr'>senatus</span> <span class='ocrx_word' id='word_1_168' title='bbox 987 2269 1058 2297; x_wconf 83' lang='lat' dir='ltr'>nec</span> <span class='ocrx_word' id='word_1_169' title='bbox 1076 2257 1244 2309; x_wconf 88' lang='lat' dir='ltr'>populus</span> <span class='ocrx_word' id='word_1_170' title='bbox 1262 2257 1341 2297; x_wconf 82' lang='lat' dir='ltr'>vim</span> 
     </span>
    </p>
   </div>
  </div>
 </body>
</html>
