1501 2407
247 102 331 142 AD
361 102 657 143 DIVERSOS.
691 103 791 142 Lm.
814 103 914 143 VII.
945 104 1011 141 24.
1118 104 1196 142 205

120 210 319 250 Exhedria
347 211 526 264 quaedam
555 211 654 251 mihi
682 224 781 251 nova
817 220 907 251 sunt
937 212 1116 251 instituta
1150 212 1194 251 in

66 265 253 317 porticula
287 266 527 305 Tusculani:
569 280 614 305 ea
643 267 819 306 volebam
849 267 1001 305 tabellis
1031 279 1192 305 ornare:

65 319 220 367 etenim,
242 319 274 358 si
292 320 388 372 quid
412 321 561 371 generis
584 320 801 359 istiusmodi
825 334 889 360 me
914 321 1092 369 delectat,
1114 321 1196 373 pic·

65 380 152 412 tura
169 374 341 413 delectat.
372 375 448 414 Sed
468 382 612 423 tamen,
633 375 665 414 si
684 376 756 414 ista
773 376 872 414 mihi
892 384 982 414 sunt
1002 375 1194 423 habenda,

64 428 259 467 certiorem
276 429 392 467 velim
410 442 474 468 me
492 429 621 478 facias,
635 430 704 468 ubi
723 430 813 478 sint,
828 430 982 482 quando
1004 442 1196 468 arcessan-

61 489 140 531 tur,
173 496 251 535 quo
282 496 419 535 genere
442 492 616 522 vecturae
661 485 704 523 Si
729 484 833 522 enim
861 484 1128 536 Damasippus
1155 484 1198 522 in

63 536 250 576 sententia
268 550 346 576 non
365 538 549 585 manebit,
578 538 747 590 aliquem
773 538 1199 591 pseudodamasippum

64 592 127 631 vel
144 605 233 630 cum
254 593 406 642 jactura
424 593 668 644 reperiemus.

119 646 239 694 Quod
257 647 307 685 ad
324 660 388 685 me
412 647 459 685 de
478 647 593 686 (101110
619 642 750 686 scribis
775 647 931 696 iterum,
949 648 1034 698 jam
1060 648 1101 686 id
1126 661 1197 700 680

64 701 305 753 proficiscens
329 701 557 740 mandaram
583 715 680 741 meae
705 702 878 741 Tulliae:
915 716 958 741 ea
984 702 1087 742 enim
1112 702 1198 754 ipsa

63 754 160 794 hora
179 768 400 808 acceperam
418 764 504 795 tuas
521 756 661 796 literas.
689 756 860 808 Egeram
880 757 996 796 etiam
1017 770 1108 796 cum
1127 766 1196 796 tuo

65 809 196 858 Nicia,
224 810 329 862 quod
357 811 390 849 is
416 811 541 849 utitur
566 814 628 855 (ut
658 811 747 862 scis)
782 811 1022 850 familiariter
1049 811 1194 850 Cassio.

64 865 122 903 Ut
152 865 247 903 redii
269 872 417 927 autem,
444 866 551 917 prius
571 879 691 917 (1113111
708 873 797 905 tuas
816 866 893 917 legi
911 866 980 904 has
998 866 1197 918 proximas

63 919 205 966 literas,
238 920 397 972 quaesivi
429 920 477 958 de
501 933 588 958 mea
616 921 766 969 Tullia,
800 920 895 983 qnid
924 920 1087 971 egisset.
1127 934 1197 973 per

63 973 259 1012 Liciniam
278 988 317 1013 se
336 974 454 1026 egisse¹
479 973 651 1014 dicebat:
683 975 748 1014 sed
767 976 916 1028 opinor,
935 976 1116 1014 Cassium
1136 974 1195 1013 uti

62 1040 141 1067 non
161 1027 215 1067 ita
227 1029 400 1067 multum
419 1041 571 1067 sorore:
603 1043 688 1068 eam
699 1043 812 1082 porro
831 1042 970 1081 negare
986 1042 1026 1068 se
1038 1030 1191 1078 audere,

61 1095 154 1120 cum
173 1083 232 1121 vir
261 1085 420 1131 abesset,
448 1086 521 1127 (est
546 1083 650 1122 enim
672 1085 864 1136 profectus
889 1085 929 1122 in
957 1085 1192 1137 Hispaniam

63 1137 234 1185 Dexius)
252 1137 320 1176 illo
339 1145 376 1176 et
394 1139 548 1176 absente
567 1145 605 1177 et
622 1138 817 1188 insciente,
841 1139 1019 1190 migrare.

116 1191 191 1230 Est
209 1191 307 1230 mihi
325 1192 600 1244 gratissimum,
621 1193 719 1232 tanti
744 1207 767 1232 a
792 1201 829 1232 te
855 1194 1084 1232 aestimatam
1103 1205 1193 1232 con-

59 1246 308 1285 suetudinem
327 1246 415 1285 vitae
434 1246 630 1299 victusque
655 1248 799 1294 nostri3
829 1247 1017 1299 primum,
1037 1255 1083 1286 ut
1106 1261 1192 1287 eam

62 1301 225 1340 domum
245 1314 426 1349 sumeres,
454 1309 498 1339 ut
517 1313 594 1339 non
613 1303 729 1340 modo
747 1315 867 1354 prope
886 1315 963 1350 me,
985 1303 1050 1340 sed
1077 1303 1193 1354 plane

58 1369 233 1403 mecum,
263 1355 436 1394 habitare
459 1368 612 1407 posses:
643 1356 794 1405 deinde,
821 1363 866 1395 ut
893 1357 1058 1408 migrare
1084 1364 1193 1396 tanto

61 1423 174 1463 opere
203 1410 410 1449 festinares.
448 1410 524 1449 Sed
548 1423 597 1449 ne
614 1410 758 1460 vivam,
783 1411 815 1450 si
840 1411 911 1450 tibi
939 1411 1118 1461 concedo,
1147 1419 1193 1451 ut

60 1466 146 1516 eJ'us
164 1465 220 1503 rei
238 1471 281 1503 tu
300 1464 473 1517 cupidior
491 1464 555 1512 sis,
583 1478 702 1517 quam
724 1479 794 1517 ego
813 1479 914 1504 sum.
950 1466 1089 1518 Itaque
1107 1479 1192 1505 om-

62 1520 129 1558 nia
153 1519 337 1571 experiar.
374 1519 498 1558 Video
528 1520 645 1567 enim,
672 1520 768 1572 quid
796 1520 886 1559 mea
914 1520 1075 1569 intersit,
1096 1520 1193 1572 quid

61 1573 264 1626 utriusque
288 1576 473 1612 nostrum.
513 1574 555 1613 Si
580 1574 676 1626 quid
705 1588 829 1626 egero,
853 1575 990 1613 faciam
1014 1583 1058 1614 ut
1083 1575 1191 1614 scias.

61 1629 130 1666 Tu
149 1635 187 1667 et
205 1628 255 1666 ad
273 1628 403 1667 omnia
420 1628 599 1667 rescribes
614 1642 626 1675 3
654 1636 704 1677 et,
726 1629 881 1681 quando
900 1637 938 1667 te
957 1638 1188 1682 exspectem,

59 1682 178 1722 facies
194 1695 272 1733 me,
302 1682 334 1722 si
351 1682 423 1722 tibi
440 1682 605 1734 videtur,
625 1684 835 1723 certiorem.
882 1684 996 1724 Vale.

102 1850 214 1903 (24.)
249 1852 461 1893 CICERO
490 1854 529 1894 S.
551 1852 605 1892 D.
634 1852 698 1892 M.
723 1852 905 1893 FABIO
935 1851 1146 1893 GALLO.

117 1963 442 2013 (Argumentum.
454 1962 708 2016 —Exponit,
729 1977 848 2016 quam
867 1964 1009 2014 injuste
1024 1962 1096 2002 sibi
1114 1961 1188 2001 Ti-

60 2017 202 2124 86111115
221 2017 415 2056 irascatur.
446 2018 595 2057 Caesare
617 2026 800 2071 quartum
826 2019 979 2058 consule
1007 2017 1088 2057 sine
1111 2017 1188 2056 col-

80 2083 161 2110 erra.

109 2181 270 2219 Amoris
299 2181 458 2233 quidem
489 2182 561 2230 tui,
591 2196 748 2236 quoquo
771 2195 836 2221 me
862 2181 972 2228 verti,
1001 2180 1186 2242 vestigiae.

57 2235 118 2274 vel
136 2236 312 2286 proxime
329 2236 377 2274 de
397 2236 576 2288 Tigellio.
616 2238 725 2278 Sensi
751 2238 855 2278 enim
882 2250 930 2276 ex
956 2236 1076 2276 literis
1094 2235 1185 2283 tuis,

112 2291 279 2341 (Epist.)
300 2302 329 2328 1
335 2301 459 2330 01.1.
877 2302 905 2331 Τ
