<?xml version="1.0" encoding="UTF-8"?>
<!DOCTYPE html PUBLIC "-//W3C//DTD XHTML 1.0 Transitional//EN"
    "http://www.w3.org/TR/xhtml1/DTD/xhtml1-transitional.dtd">
<html xmlns="http://www.w3.org/1999/xhtml" xml:lang="en" lang="en">
 <head>
  <title>
</title>
<meta http-equiv="Content-Type" content="text/html;charset=utf-8" />
  <meta name='ocr-system' content='tesseract 3.04.00' />
  <meta name='ocr-capabilities' content='ocr_page ocr_carea ocr_par ocr_line ocrx_word'/>
</head>
<body>
  <div class='ocr_page' id='page_1' title='image "./operaern09ciceuoft_0159.png"; bbox 0 0 1501 2407; ppageno 0'>
   <div class='ocr_carea' id='block_1_1' title="bbox 285 119 1194 168">
    <p class='ocr_par' dir='ltr' id='par_1_1' title="bbox 285 119 1194 168">
     <span class='ocr_line' id='line_1_1' title="bbox 285 119 1194 168; baseline 0.002 -8"><span class='ocrx_word' id='word_1_1' title='bbox 285 119 367 160; x_wconf 81' lang='lat' dir='ltr'>AD</span> <span class='ocrx_word' id='word_1_2' title='bbox 389 120 692 168; x_wconf 79' lang='lat' dir='ltr'><strong>DIVERSOS.</strong></span> <span class='ocrx_word' id='word_1_3' title='bbox 724 121 896 161; x_wconf 55' lang='lat' dir='ltr'>Luc-V.</span> <span class='ocrx_word' id='word_1_4' title='bbox 927 124 990 161; x_wconf 85' lang='lat'>20.</span> <span class='ocrx_word' id='word_1_5' title='bbox 1122 124 1194 162; x_wconf 71' lang='lat'>145</span> 
     </span>
    </p>
   </div>
   <div class='ocr_carea' id='block_1_2' title="bbox 30 229 1198 2230">
    <p class='ocr_par' dir='ltr' id='par_1_2' title="bbox 30 229 1198 2230">
     <span class='ocr_line' id='line_1_2' title="bbox 81 229 1194 282; baseline 0.002 -15"><span class='ocrx_word' id='word_1_6' title='bbox 81 229 364 279; x_wconf 83' lang='lat' dir='ltr'>meos,·delatos</span> <span class='ocrx_word' id='word_1_7' title='bbox 379 243 470 269; x_wconf 85' lang='lat' dir='ltr'>esse.</span> <span class='ocrx_word' id='word_1_8' title='bbox 506 231 556 268; x_wconf 91' lang='lat' dir='ltr'>In</span> <span class='ocrx_word' id='word_1_9' title='bbox 575 243 652 282; x_wconf 86' lang='lat' dir='ltr'>quo</span> <span class='ocrx_word' id='word_1_10' title='bbox 671 229 827 282; x_wconf 86' lang='lat' dir='ltr'>quidem</span> <span class='ocrx_word' id='word_1_11' title='bbox 848 230 943 270; x_wconf 84' lang='lat' dir='ltr'>ratio</span> <span class='ocrx_word' id='word_1_12' title='bbox 968 244 1031 270; x_wconf 88' lang='lat' dir='ltr'>me</span> <span class='ocrx_word' id='word_1_13' title='bbox 1048 230 1194 271; x_wconf 85' lang='lat' dir='ltr'>fefellit.</span> 
     </span>
     <span class='ocr_line' id='line_1_3' title="bbox 81 284 1196 336; baseline 0.002 -14"><span class='ocrx_word' id='word_1_14' title='bbox 81 284 268 322; x_wconf 87' lang='lat' dir='ltr'>Liberum</span> <span class='ocrx_word' id='word_1_15' title='bbox 286 285 389 322; x_wconf 91' lang='lat' dir='ltr'>enim</span> <span class='ocrx_word' id='word_1_16' title='bbox 407 284 504 322; x_wconf 86' lang='lat' dir='ltr'>mihi</span> <span class='ocrx_word' id='word_1_17' title='bbox 518 291 670 336; x_wconf 87' lang='lat' dir='ltr'>tempus</span> <span class='ocrx_word' id='word_1_18' title='bbox 689 284 737 322; x_wconf 90' lang='lat' dir='ltr'>ad</span> <span class='ocrx_word' id='word_1_19' title='bbox 756 298 818 322; x_wconf 89' lang='lat' dir='ltr'>eos</span> <span class='ocrx_word' id='word_1_20' title='bbox 832 285 1053 324; x_wconf 85' lang='lat' dir='ltr'>deferendos</span> <span class='ocrx_word' id='word_1_21' title='bbox 1067 286 1196 324; x_wconf 81' lang='lat' dir='ltr'><strong>existi-</strong></span> 
     </span>
     <span class='ocr_line' id='line_1_4' title="bbox 80 338 1198 391; baseline 0.003 -16"><span class='ocrx_word' id='word_1_22' title='bbox 80 339 235 376; x_wconf 86' lang='lat' dir='ltr'><strong>mabam</strong></span> <span class='ocrx_word' id='word_1_23' title='bbox 253 338 359 377; x_wconf 81' lang='lat' dir='ltr'>dari:</span> <span class='ocrx_word' id='word_1_24' title='bbox 389 346 519 391; x_wconf 88' lang='lat' dir='ltr'>postea</span> <span class='ocrx_word' id='word_1_25' title='bbox 537 340 671 377; x_wconf 83' lang='lat' dir='ltr'>certior</span> <span class='ocrx_word' id='word_1_26' title='bbox 689 351 775 376; x_wconf 89' lang='lat' dir='ltr'>sum</span> <span class='ocrx_word' id='word_1_27' title='bbox 794 339 930 387; x_wconf 81' lang='lat' dir='ltr'>factus,</span> <span class='ocrx_word' id='word_1_28' title='bbox 950 339 1104 391; x_wconf 86' lang='lat' dir='ltr'>triginta</span> <span class='ocrx_word' id='word_1_29' title='bbox 1116 340 1198 378; x_wconf 89' lang='lat' dir='ltr'>die-</span> 
     </span>
     <span class='ocr_line' id='line_1_5' title="bbox 79 392 1194 443; baseline 0.002 -13"><span class='ocrx_word' id='word_1_30' title='bbox 79 392 152 430; x_wconf 88' lang='lat' dir='ltr'>bus</span> <span class='ocrx_word' id='word_1_31' title='bbox 170 392 308 430; x_wconf 85' lang='lat' dir='ltr'>deferri</span> <span class='ocrx_word' id='word_1_32' title='bbox 325 405 473 431; x_wconf 86' lang='lat' dir='ltr'>necesse</span> <span class='ocrx_word' id='word_1_33' title='bbox 500 405 593 439; x_wconf 84' lang='lat' dir='ltr'>esse,</span> <span class='ocrx_word' id='word_1_34' title='bbox 614 393 755 443; x_wconf 88' lang='lat' dir='ltr'>quibus</span> <span class='ocrx_word' id='word_1_35' title='bbox 783 393 945 431; x_wconf 84' lang='lat' dir='ltr'>rationes</span> <span class='ocrx_word' id='word_1_36' title='bbox 970 394 1194 432; x_wconf 79' lang='lat' dir='ltr'>retulissem.</span> 
     </span>
     <span class='ocr_line' id='line_1_6' title="bbox 79 446 1195 498; baseline 0.002 -14"><span class='ocrx_word' id='word_1_37' title='bbox 79 446 180 484; x_wconf 86' lang='lat' dir='ltr'>Sane</span> <span class='ocrx_word' id='word_1_38' title='bbox 203 447 362 485; x_wconf 86' lang='lat' dir='ltr'>moleste</span> <span class='ocrx_word' id='word_1_39' title='bbox 381 447 467 495; x_wconf 79' lang='lat' dir='ltr'>tuli,</span> <span class='ocrx_word' id='word_1_40' title='bbox 488 459 564 485; x_wconf 84' lang='lat' dir='ltr'>non</span> <span class='ocrx_word' id='word_1_41' title='bbox 583 447 651 485; x_wconf 84' lang='lat' dir='ltr'>illa</span> <span class='ocrx_word' id='word_1_42' title='bbox 668 447 850 485; x_wconf 87' lang='lat' dir='ltr'>beneficia</span> <span class='ocrx_word' id='word_1_43' title='bbox 868 454 944 485; x_wconf 88' lang='lat' dir='ltr'>tuae</span> <span class='ocrx_word' id='word_1_44' title='bbox 965 448 1093 498; x_wconf 85' lang='lat' dir='ltr'>potius</span> <span class='ocrx_word' id='word_1_45' title='bbox 1111 461 1195 486; x_wconf 88' lang='lat' dir='ltr'>am-</span> 
     </span>
     <span class='ocr_line' id='line_1_7' title="bbox 77 499 1194 552; baseline 0.003 -15"><span class='ocrx_word' id='word_1_46' title='bbox 77 499 213 538; x_wconf 87' lang='lat' dir='ltr'>bitioni</span> <span class='ocrx_word' id='word_1_47' title='bbox 230 508 417 539; x_wconf 83' lang='lat' dir='ltr'>reservata</span> <span class='ocrx_word' id='word_1_48' title='bbox 436 514 526 548; x_wconf 79' lang='lat' dir='ltr'>esse,</span> <span class='ocrx_word' id='word_1_49' title='bbox 541 514 658 551; x_wconf 89' lang='lat' dir='ltr'>quam</span> <span class='ocrx_word' id='word_1_50' title='bbox 670 513 779 548; x_wconf 86' lang='lat' dir='ltr'>meae,</span> <span class='ocrx_word' id='word_1_51' title='bbox 793 501 862 552; x_wconf 91' lang='lat' dir='ltr'>qui</span> <span class='ocrx_word' id='word_1_52' title='bbox 873 502 1079 540; x_wconf 86' lang='lat' dir='ltr'>ambitione</span> <span class='ocrx_word' id='word_1_53' title='bbox 1096 502 1194 540; x_wconf 90' lang='lat' dir='ltr'>nihil</span> 
     </span>
     <span class='ocr_line' id='line_1_8' title="bbox 77 554 1194 602; baseline 0.003 -11"><span class='ocrx_word' id='word_1_54' title='bbox 77 560 214 592; x_wconf 90' lang='lat' dir='ltr'>uterer.</span> <span class='ocrx_word' id='word_1_55' title='bbox 254 554 317 593; x_wconf 91' lang='lat' dir='ltr'>De</span> <span class='ocrx_word' id='word_1_56' title='bbox 343 555 625 593; x_wconf 85' lang='lat' dir='ltr'>centurionibus</span> <span class='ocrx_word' id='word_1_57' title='bbox 649 562 792 602; x_wconf 85' lang='lat' dir='ltr'>tamen,</span> <span class='ocrx_word' id='word_1_58' title='bbox 813 562 849 592; x_wconf 87' lang='lat' dir='ltr'>et</span> <span class='ocrx_word' id='word_1_59' title='bbox 876 556 923 593; x_wconf 88' lang='lat' dir='ltr'>de</span> <span class='ocrx_word' id='word_1_60' title='bbox 952 556 1194 594; x_wconf 89' lang='lat' dir='ltr'>tribunorum</span> 
     </span>
     <span class='ocr_line' id='line_1_9' title="bbox 75 607 1196 661; baseline 0.004 -17"><span class='ocrx_word' id='word_1_61' title='bbox 75 607 300 646; x_wconf 80' lang='lat' dir='ltr'>militarium</span> <span class='ocrx_word' id='word_1_62' title='bbox 319 609 668 654; x_wconf 78' lang='lat' dir='ltr'>contubernalibus,</span> <span class='ocrx_word' id='word_1_63' title='bbox 687 622 745 647; x_wconf 89' lang='lat' dir='ltr'>res</span> <span class='ocrx_word' id='word_1_64' title='bbox 757 616 813 646; x_wconf 90' lang='lat' dir='ltr'>est</span> <span class='ocrx_word' id='word_1_65' title='bbox 825 609 866 647; x_wconf 90' lang='lat' dir='ltr'>in</span> <span class='ocrx_word' id='word_1_66' title='bbox 880 609 1050 661; x_wconf 86' lang='lat' dir='ltr'>integro:</span> <span class='ocrx_word' id='word_1_67' title='bbox 1072 623 1196 661; x_wconf 89' lang='lat' dir='ltr'>genus</span> 
     </span>
     <span class='ocr_line' id='line_1_10' title="bbox 75 661 1137 714; baseline 0.003 -15"><span class='ocrx_word' id='word_1_68' title='bbox 75 661 178 699; x_wconf 91' lang='lat' dir='ltr'>enim</span> <span class='ocrx_word' id='word_1_69' title='bbox 188 662 327 711; x_wconf 88' lang='lat' dir='ltr'>horum</span> <span class='ocrx_word' id='word_1_70' title='bbox 346 663 616 702; x_wconf 89' lang='lat' dir='ltr'>beneficiorum</span> <span class='ocrx_word' id='word_1_71' title='bbox 635 662 835 701; x_wconf 87' lang='lat' dir='ltr'>definitum</span> <span class='ocrx_word' id='word_1_72' title='bbox 853 664 937 714; x_wconf 85' lang='lat' dir='ltr'>lege</span> <span class='ocrx_word' id='word_1_73' title='bbox 955 676 1032 702; x_wconf 91' lang='lat' dir='ltr'>non</span> <span class='ocrx_word' id='word_1_74' title='bbox 1047 672 1137 702; x_wconf 88' lang='lat' dir='ltr'>erat.</span> 
     </span>
     <span class='ocr_line' id='line_1_11' title="bbox 129 716 1192 769; baseline 0.003 -15"><span class='ocrx_word' id='word_1_75' title='bbox 129 716 343 768; x_wconf 86' lang='lat' dir='ltr'>Reliquum</span> <span class='ocrx_word' id='word_1_76' title='bbox 358 724 414 756; x_wconf 86' lang='lat' dir='ltr'>est</span> <span class='ocrx_word' id='word_1_77' title='bbox 432 718 479 756; x_wconf 91' lang='lat' dir='ltr'>de</span> <span class='ocrx_word' id='word_1_78' title='bbox 500 717 571 755; x_wconf 85' lang='lat' dir='ltr'>HS</span> <span class='ocrx_word' id='word_1_79' title='bbox 600 723 754 755; x_wconf 79' lang='lat' dir='ltr'>centum</span> <span class='ocrx_word' id='word_1_80' title='bbox 776 717 961 765; x_wconf 79' lang='lat' dir='ltr'>millibus,</span> <span class='ocrx_word' id='word_1_81' title='bbox 985 718 1032 756; x_wconf 92' lang='lat' dir='ltr'>de</span> <span class='ocrx_word' id='word_1_82' title='bbox 1051 718 1192 769; x_wconf 92' lang='lat' dir='ltr'>quibus</span> 
     </span>
     <span class='ocr_line' id='line_1_12' title="bbox 74 770 1192 822; baseline 0.002 -14"><span class='ocrx_word' id='word_1_83' title='bbox 74 770 235 808; x_wconf 87' lang='lat' dir='ltr'>memini</span> <span class='ocrx_word' id='word_1_84' title='bbox 246 771 342 809; x_wconf 88' lang='lat' dir='ltr'>mihi</span> <span class='ocrx_word' id='word_1_85' title='bbox 356 785 379 809; x_wconf 88' lang='lat' dir='ltr'>a</span> <span class='ocrx_word' id='word_1_86' title='bbox 396 778 434 809; x_wconf 88' lang='lat' dir='ltr'>te</span> <span class='ocrx_word' id='word_1_87' title='bbox 453 771 615 822; x_wconf 58' lang='lat' dir='ltr'>Myrina</span> <span class='ocrx_word' id='word_1_88' title='bbox 625 771 753 809; x_wconf 85' lang='lat' dir='ltr'>literas</span> <span class='ocrx_word' id='word_1_89' title='bbox 764 784 842 809; x_wconf 92' lang='lat' dir='ltr'>esse</span> <span class='ocrx_word' id='word_1_90' title='bbox 857 772 1004 820; x_wconf 77' lang='lat' dir='ltr'>allatas,</span> <span class='ocrx_word' id='word_1_91' title='bbox 1023 784 1100 810; x_wconf 89' lang='lat' dir='ltr'>non</span> <span class='ocrx_word' id='word_1_92' title='bbox 1114 773 1192 811; x_wconf 87' lang='lat' dir='ltr'>mei</span> 
     </span>
     <span class='ocr_line' id='line_1_13' title="bbox 77 824 1192 877; baseline 0.003 -15"><span class='ocrx_word' id='word_1_93' title='bbox 77 824 204 872; x_wconf 84' lang='lat' dir='ltr'>errati,</span> <span class='ocrx_word' id='word_1_94' title='bbox 225 825 291 863; x_wconf 87' lang='lat' dir='ltr'>sed</span> <span class='ocrx_word' id='word_1_95' title='bbox 311 826 392 863; x_wconf 86' lang='lat' dir='ltr'>tui:</span> <span class='ocrx_word' id='word_1_96' title='bbox 423 826 463 863; x_wconf 90' lang='lat' dir='ltr'>in</span> <span class='ocrx_word' id='word_1_97' title='bbox 489 838 566 877; x_wconf 91' lang='lat' dir='ltr'>quo</span> <span class='ocrx_word' id='word_1_98' title='bbox 591 832 789 876; x_wconf 85' lang='lat' dir='ltr'>peccatum</span> <span class='ocrx_word' id='word_1_99' title='bbox 819 826 1017 864; x_wconf 87' lang='lat' dir='ltr'>videbatur</span> <span class='ocrx_word' id='word_1_100' title='bbox 1046 840 1138 874; x_wconf 82' lang='lat' dir='ltr'>esse,</span> <span class='ocrx_word' id='word_1_101' title='bbox 1159 828 1192 865; x_wconf 86' lang='lat' dir='ltr'>si</span> 
     </span>
     <span class='ocr_line' id='line_1_14' title="bbox 74 878 1190 932; baseline 0.003 -16"><span class='ocrx_word' id='word_1_102' title='bbox 74 878 190 917; x_wconf 81' lang='lat' dir='ltr'>modo</span> <span class='ocrx_word' id='word_1_103' title='bbox 209 887 302 925; x_wconf 85' lang='lat' dir='ltr'>erat,</span> <span class='ocrx_word' id='word_1_104' title='bbox 322 880 448 918; x_wconf 82' lang='lat' dir='ltr'>fratris</span> <span class='ocrx_word' id='word_1_105' title='bbox 468 880 539 926; x_wconf 86' lang='lat' dir='ltr'>tui,</span> <span class='ocrx_word' id='word_1_106' title='bbox 560 887 596 917; x_wconf 91' lang='lat' dir='ltr'>et</span> <span class='ocrx_word' id='word_1_107' title='bbox 611 879 648 917; x_wconf 85' lang='grc' dir='ltr'><strong>Γ</strong></span> <span class='ocrx_word' id='word_1_108' title='bbox 652 879 746 917; x_wconf 87' lang='grc'>111111</span> <span class='ocrx_word' id='word_1_109' title='bbox 776 879 866 926; x_wconf 79' lang='lat' dir='ltr'>Sed,</span> <span class='ocrx_word' id='word_1_110' title='bbox 887 893 976 917; x_wconf 87' lang='lat' dir='ltr'>cum</span> <span class='ocrx_word' id='word_1_111' title='bbox 994 880 1035 918; x_wconf 83' lang='lat' dir='ltr'>id</span> <span class='ocrx_word' id='word_1_112' title='bbox 1053 881 1190 932; x_wconf 87' lang='lat' dir='ltr'>corrigi</span> 
     </span>
     <span class='ocr_line' id='line_1_15' title="bbox 73 933 1192 986; baseline 0.002 -15"><span class='ocrx_word' id='word_1_113' title='bbox 73 945 150 971; x_wconf 92' lang='lat' dir='ltr'>non</span> <span class='ocrx_word' id='word_1_114' title='bbox 178 941 319 984; x_wconf 86' lang='lat' dir='ltr'>posset,</span> <span class='ocrx_word' id='word_1_115' title='bbox 339 934 456 985; x_wconf 84' lang='lat' dir='ltr'>quod,</span> <span class='ocrx_word' id='word_1_116' title='bbox 480 934 563 983; x_wconf 86' lang='lat' dir='ltr'>jam</span> <span class='ocrx_word' id='word_1_117' title='bbox 582 933 758 984; x_wconf 85' lang='lat' dir='ltr'>depositis</span> <span class='ocrx_word' id='word_1_118' title='bbox 780 934 1003 982; x_wconf 77' lang='lat' dir='ltr'>rationibus,</span> <span class='ocrx_word' id='word_1_119' title='bbox 1031 948 1078 972; x_wconf 81' lang='lat' dir='ltr'>ex</span> <span class='ocrx_word' id='word_1_120' title='bbox 1102 948 1192 986; x_wconf 76' lang='lat' dir='ltr'>pro-</span> 
     </span>
     <span class='ocr_line' id='line_1_16' title="bbox 71 987 1191 1040; baseline 0.001 -15"><span class='ocrx_word' id='word_1_121' title='bbox 71 987 197 1026; x_wconf 86' lang='lat' dir='ltr'>vincia</span> <span class='ocrx_word' id='word_1_122' title='bbox 216 988 516 1033; x_wconf 79' lang='lat' dir='ltr'>decesseramus3</span> <span class='ocrx_word' id='word_1_123' title='bbox 538 987 648 1026; x_wconf 87' lang='lat' dir='ltr'>credo</span> <span class='ocrx_word' id='word_1_124' title='bbox 665 1000 729 1025; x_wconf 90' lang='lat' dir='ltr'>me</span> <span class='ocrx_word' id='word_1_125' title='bbox 748 987 904 1038; x_wconf 88' lang='lat' dir='ltr'>quidem</span> <span class='ocrx_word' id='word_1_126' title='bbox 924 988 1007 1035; x_wconf 86' lang='lat' dir='ltr'>tibi,</span> <span class='ocrx_word' id='word_1_127' title='bbox 1020 1002 1090 1040; x_wconf 86' lang='lat' dir='ltr'>pro</span> <span class='ocrx_word' id='word_1_128' title='bbox 1108 990 1191 1026; x_wconf 87' lang='lat' dir='ltr'>ani-</span> 
     </span>
     <span class='ocr_line' id='line_1_17' title="bbox 73 1017 1189 1094; baseline 0.002 -15"><span class='ocrx_word' id='word_1_129' title='bbox 73 1042 129 1079; x_wconf 89' lang='lat' dir='ltr'>mi</span> <span class='ocrx_word' id='word_1_130' title='bbox 147 1042 225 1080; x_wconf 91' lang='lat' dir='ltr'>mei</span> <span class='ocrx_word' id='word_1_131' title='bbox 244 1043 451 1089; x_wconf 83' lang='lat' dir='ltr'>voluntate,</span> <span class='ocrx_word' id='word_1_132' title='bbox 477 1055 623 1093; x_wconf 85' lang='lat' dir='ltr'>proque</span> <span class='ocrx_word' id='word_1_133' title='bbox 651 1055 695 1079; x_wconf 82' lang='lat' dir='ltr'>ea</span> <span class='ocrx_word' id='word_1_134' title='bbox 727 1055 792 1092; x_wconf 83' lang='lat' dir='ltr'>spe</span> <span class='ocrx_word' id='word_1_135' title='bbox 823 1017 1050 1080; x_wconf 64' lang='lat' dir='ltr'>facultatum</span> <span class='ocrx_word' id='word_1_136' title='bbox 1070 1056 1189 1094; x_wconf 85' lang='lat' dir='ltr'>quam</span> 
     </span>
     <span class='ocr_line' id='line_1_18' title="bbox 73 1096 1187 1157; baseline 0.002 -24"><span class='ocrx_word' id='word_1_137' title='bbox 73 1103 159 1134; x_wconf 89' lang='lat' dir='ltr'>tum</span> <span class='ocrx_word' id='word_1_138' title='bbox 186 1096 435 1157; x_wconf 75' lang='lat' dir='ltr'>habebamus,</span> <span class='ocrx_word' id='word_1_139' title='bbox 456 1109 575 1148; x_wconf 83' lang='lat' dir='ltr'>quam</span> <span class='ocrx_word' id='word_1_140' title='bbox 600 1096 875 1134; x_wconf 82' lang='lat' dir='ltr'>humanissime</span> <span class='ocrx_word' id='word_1_141' title='bbox 894 1097 1097 1147; x_wconf 73' lang='lat' dir='ltr'>potuerim,</span> <span class='ocrx_word' id='word_1_142' title='bbox 1128 1111 1187 1135; x_wconf 89' lang='lat' dir='ltr'>re-</span> 
     </span>
     <span class='ocr_line' id='line_1_19' title="bbox 72 1150 1188 1202; baseline 0.002 -14"><span class='ocrx_word' id='word_1_143' title='bbox 72 1150 273 1202; x_wconf 86' lang='lat' dir='ltr'>scripsisse</span> <span class='ocrx_word' id='word_1_144' title='bbox 314 1150 389 1190; x_wconf 82' lang='lat' dir='ltr'>Sed</span> <span class='ocrx_word' id='word_1_145' title='bbox 407 1159 533 1201; x_wconf 73' lang='lat' dir='ltr'>neque</span> <span class='ocrx_word' id='word_1_146' title='bbox 550 1158 634 1188; x_wconf 88' lang='lat' dir='ltr'>tum</span> <span class='ocrx_word' id='word_1_147' title='bbox 653 1163 716 1187; x_wconf 92' lang='lat' dir='ltr'>me</span> <span class='ocrx_word' id='word_1_148' title='bbox 734 1150 972 1188; x_wconf 69' lang='lat' dir='ltr'>humanitate</span> <span class='ocrx_word' id='word_1_149' title='bbox 990 1151 1188 1190; x_wconf 84' lang='lat' dir='ltr'>literarum</span> 
     </span>
     <span class='ocr_line' id='line_1_20' title="bbox 71 1204 1188 1256; baseline 0.001 -14"><span class='ocrx_word' id='word_1_150' title='bbox 71 1217 247 1242; x_wconf 83' lang='lat' dir='ltr'>mearum</span> <span class='ocrx_word' id='word_1_151' title='bbox 272 1204 484 1255; x_wconf 86' lang='lat' dir='ltr'>obligatum</span> <span class='ocrx_word' id='word_1_152' title='bbox 511 1211 620 1255; x_wconf 82' lang='lat' dir='ltr'>puto,</span> <span class='ocrx_word' id='word_1_153' title='bbox 640 1216 765 1254; x_wconf 84' lang='lat' dir='ltr'>neque</span> <span class='ocrx_word' id='word_1_154' title='bbox 792 1211 900 1242; x_wconf 87' lang='lat' dir='ltr'>tuam</span> <span class='ocrx_word' id='word_1_155' title='bbox 919 1204 1031 1242; x_wconf 87' lang='lat' dir='ltr'>hodie</span> <span class='ocrx_word' id='word_1_156' title='bbox 1050 1205 1188 1256; x_wconf 87' lang='lat' dir='ltr'>episto-</span> 
     </span>
     <span class='ocr_line' id='line_1_21' title="bbox 72 1258 1187 1311; baseline 0.001 -15"><span class='ocrx_word' id='word_1_157' title='bbox 72 1259 153 1296; x_wconf 87' lang='lat' dir='ltr'>lam</span> <span class='ocrx_word' id='word_1_158' title='bbox 171 1258 219 1296; x_wconf 85' lang='lat' dir='ltr'>de</span> <span class='ocrx_word' id='word_1_159' title='bbox 238 1259 309 1298; x_wconf 89' lang='lat' dir='ltr'>HS</span> <span class='ocrx_word' id='word_1_160' title='bbox 328 1266 482 1297; x_wconf 88' lang='lat' dir='ltr'>centum</span> <span class='ocrx_word' id='word_1_161' title='bbox 494 1260 547 1296; x_wconf 86' lang='lat' dir='ltr'>sic</span> <span class='ocrx_word' id='word_1_162' title='bbox 558 1258 755 1309; x_wconf 84' lang='lat' dir='ltr'>accepisse,</span> <span class='ocrx_word' id='word_1_163' title='bbox 776 1266 820 1296; x_wconf 90' lang='lat' dir='ltr'>ut</span> <span class='ocrx_word' id='word_1_164' title='bbox 838 1258 865 1294; x_wconf 92' lang='grc'>11</span> <span class='ocrx_word' id='word_1_165' title='bbox 876 1258 1080 1310; x_wconf 82' lang='lat' dir='ltr'>accipiunt,</span> <span class='ocrx_word' id='word_1_166' title='bbox 1101 1260 1187 1311; x_wconf 93' lang='lat' dir='ltr'>qui-</span> 
     </span>
     <span class='ocr_line' id='line_1_22' title="bbox 70 1312 1189 1374; baseline 0.001 -24"><span class='ocrx_word' id='word_1_167' title='bbox 70 1314 143 1351; x_wconf 91' lang='lat' dir='ltr'>bus</span> <span class='ocrx_word' id='word_1_168' title='bbox 163 1313 329 1374; x_wconf 77' lang='lat' dir='ltr'>epistolae</span> <span class='ocrx_word' id='word_1_169' title='bbox 346 1326 414 1364; x_wconf 88' lang='lat' dir='ltr'>per</span> <span class='ocrx_word' id='word_1_170' title='bbox 431 1313 513 1351; x_wconf 87' lang='lat' dir='ltr'>haec</span> <span class='ocrx_word' id='word_1_171' title='bbox 531 1320 703 1364; x_wconf 82' lang='lat' dir='ltr'>tempora</span> <span class='ocrx_word' id='word_1_172' title='bbox 728 1312 897 1350; x_wconf 88' lang='lat' dir='ltr'>molestae</span> <span class='ocrx_word' id='word_1_173' title='bbox 924 1320 1024 1350; x_wconf 88' lang='lat' dir='ltr'>sunt.</span> <span class='ocrx_word' id='word_1_174' title='bbox 1061 1313 1189 1352; x_wconf 87' lang='lat' dir='ltr'>Simul</span> 
     </span>
     <span class='ocr_line' id='line_1_23' title="bbox 70 1366 1187 1418; baseline 0.001 -14"><span class='ocrx_word' id='word_1_175' title='bbox 70 1366 168 1404; x_wconf 88' lang='lat' dir='ltr'>illud</span> <span class='ocrx_word' id='word_1_176' title='bbox 187 1367 350 1418; x_wconf 82' lang='lat' dir='ltr'>cogitare</span> <span class='ocrx_word' id='word_1_177' title='bbox 368 1367 497 1414; x_wconf 88' lang='lat' dir='ltr'>debes,</span> <span class='ocrx_word' id='word_1_178' title='bbox 525 1380 589 1404; x_wconf 87' lang='lat' dir='ltr'>me</span> <span class='ocrx_word' id='word_1_179' title='bbox 614 1378 768 1404; x_wconf 85' lang='lat' dir='ltr'>omnem</span> <span class='ocrx_word' id='word_1_180' title='bbox 786 1366 1002 1417; x_wconf 86' lang='lat' dir='ltr'>pecuniam,</span> <span class='ocrx_word' id='word_1_181' title='bbox 1032 1380 1120 1418; x_wconf 88' lang='lat' dir='ltr'>quae</span> <span class='ocrx_word' id='word_1_182' title='bbox 1138 1368 1187 1405; x_wconf 89' lang='lat' dir='ltr'>ad</span> 
     </span>
     <span class='ocr_line' id='line_1_24' title="bbox 71 1420 1187 1472; baseline 0.002 -14"><span class='ocrx_word' id='word_1_183' title='bbox 71 1433 135 1459; x_wconf 91' lang='lat' dir='ltr'>me</span> <span class='ocrx_word' id='word_1_184' title='bbox 153 1421 264 1459; x_wconf 86' lang='lat' dir='ltr'>salv-is</span> <span class='ocrx_word' id='word_1_185' title='bbox 288 1421 437 1472; x_wconf 79' lang='lat' dir='ltr'>legibus</span> <span class='ocrx_word' id='word_1_186' title='bbox 463 1421 706 1472; x_wconf 84' lang='lat' dir='ltr'>pervenisset,</span> <span class='ocrx_word' id='word_1_187' title='bbox 727 1420 873 1471; x_wconf 88' lang='lat' dir='ltr'>Ephesi</span> <span class='ocrx_word' id='word_1_188' title='bbox 890 1421 994 1472; x_wconf 87' lang='lat' dir='ltr'>apud</span> <span class='ocrx_word' id='word_1_189' title='bbox 1012 1421 1187 1472; x_wconf 86' lang='lat' dir='ltr'>publica-</span> 
     </span>
     <span class='ocr_line' id='line_1_25' title="bbox 69 1474 1184 1527; baseline 0.001 -14"><span class='ocrx_word' id='word_1_190' title='bbox 69 1487 139 1513; x_wconf 90' lang='lat' dir='ltr'>nos</span> <span class='ocrx_word' id='word_1_191' title='bbox 170 1475 408 1527; x_wconf 87' lang='lat' dir='ltr'>deposuisse:</span> <span class='ocrx_word' id='word_1_192' title='bbox 444 1475 485 1513; x_wconf 87' lang='lat' dir='ltr'>id</span> <span class='ocrx_word' id='word_1_193' title='bbox 513 1475 629 1513; x_wconf 84' lang='lat' dir='ltr'>fuisse</span> <span class='ocrx_word' id='word_1_194' title='bbox 658 1474 728 1512; x_wconf 85' lang='lat' dir='ltr'>HS</span> <span class='ocrx_word' id='word_1_195' title='bbox 757 1474 890 1512; x_wconf 87' lang='lat' dir='ltr'>XXII</span> <span class='ocrx_word' id='word_1_196' title='bbox 916 1474 1062 1513; x_wconf 82' lang='lat' dir='ltr'>millia:</span> <span class='ocrx_word' id='word_1_197' title='bbox 1098 1489 1184 1514; x_wconf 88' lang='lat' dir='ltr'>eam</span> 
     </span>
     <span class='ocr_line' id='line_1_26' title="bbox 30 1528 1184 1581; baseline 0 -13"><span class='ocrx_word' id='word_1_198' title='bbox 30 1545 33 1549; x_wconf 55' lang='lat'><strong>⁴</strong></span> <span class='ocrx_word' id='word_1_199' title='bbox 69 1542 226 1568; x_wconf 89' lang='lat' dir='ltr'>omnem</span> <span class='ocrx_word' id='word_1_200' title='bbox 247 1529 450 1581; x_wconf 88' lang='lat' dir='ltr'>pecuniam</span> <span class='ocrx_word' id='word_1_201' title='bbox 471 1529 702 1580; x_wconf 86' lang='lat' dir='ltr'>Pompeium</span> <span class='ocrx_word' id='word_1_202' title='bbox 728 1528 936 1567; x_wconf 86' lang='lat' dir='ltr'>abstulisse.</span> <span class='ocrx_word' id='word_1_203' title='bbox 967 1528 1085 1577; x_wconf 87' lang='lat' dir='ltr'>Quod</span> <span class='ocrx_word' id='word_1_204' title='bbox 1113 1543 1184 1581; x_wconf 86' lang='lat' dir='ltr'>ego</span> 
     </span>
     <span class='ocr_line' id='line_1_27' title="bbox 69 1582 1183 1635; baseline 0 -13"><span class='ocrx_word' id='word_1_205' title='bbox 69 1584 148 1622; x_wconf 89' lang='lat' dir='ltr'>sive</span> <span class='ocrx_word' id='word_1_206' title='bbox 166 1596 276 1635; x_wconf 86' lang='lat' dir='ltr'>aequo</span> <span class='ocrx_word' id='word_1_207' title='bbox 302 1583 432 1621; x_wconf 87' lang='lat' dir='ltr'>animo</span> <span class='ocrx_word' id='word_1_208' title='bbox 451 1584 528 1622; x_wconf 84' lang='lat' dir='ltr'>sive</span> <span class='ocrx_word' id='word_1_209' title='bbox 545 1583 678 1634; x_wconf 89' lang='lat' dir='ltr'>iniquo</span> <span class='ocrx_word' id='word_1_210' title='bbox 695 1582 788 1630; x_wconf 86' lang='lat' dir='ltr'>fero,</span> <span class='ocrx_word' id='word_1_211' title='bbox 810 1589 852 1620; x_wconf 89' lang='lat' dir='ltr'>tu</span> <span class='ocrx_word' id='word_1_212' title='bbox 871 1582 918 1620; x_wconf 90' lang='lat' dir='ltr'>de</span> <span class='ocrx_word' id='word_1_213' title='bbox 937 1583 1008 1622; x_wconf 90' lang='lat' dir='ltr'>HS</span> <span class='ocrx_word' id='word_1_214' title='bbox 1028 1590 1183 1622; x_wconf 89' lang='lat' dir='ltr'>centum</span> 
     </span>
     <span class='ocr_line' id='line_1_28' title="bbox 70 1636 1184 1690; baseline 0 -14"><span class='ocrx_word' id='word_1_215' title='bbox 70 1651 180 1690; x_wconf 87' lang='lat' dir='ltr'>aequo</span> <span class='ocrx_word' id='word_1_216' title='bbox 205 1638 334 1676; x_wconf 84' lang='lat' dir='ltr'>animo</span> <span class='ocrx_word' id='word_1_217' title='bbox 359 1637 456 1676; x_wconf 86' lang='lat' dir='ltr'>ferre</span> <span class='ocrx_word' id='word_1_218' title='bbox 475 1638 601 1685; x_wconf 83' lang='lat' dir='ltr'>debes,</span> <span class='ocrx_word' id='word_1_219' title='bbox 622 1644 660 1675; x_wconf 87' lang='lat' dir='ltr'>et</span> <span class='ocrx_word' id='word_1_220' title='bbox 679 1636 908 1684; x_wconf 83' lang='lat' dir='ltr'>existimare,</span> <span class='ocrx_word' id='word_1_221' title='bbox 929 1650 974 1675; x_wconf 91' lang='lat' dir='ltr'>eo</span> <span class='ocrx_word' id='word_1_222' title='bbox 991 1638 1119 1676; x_wconf 90' lang='lat' dir='ltr'>minus</span> <span class='ocrx_word' id='word_1_223' title='bbox 1134 1637 1184 1676; x_wconf 82' lang='lat' dir='ltr'>ad</span> 
     </span>
     <span class='ocr_line' id='line_1_29' title="bbox 68 1690 1183 1743; baseline 0 -13"><span class='ocrx_word' id='word_1_224' title='bbox 68 1699 120 1740; x_wconf 85' lang='lat' dir='ltr'>te,</span> <span class='ocrx_word' id='word_1_225' title='bbox 141 1692 202 1730; x_wconf 89' lang='lat' dir='ltr'>vel</span> <span class='ocrx_word' id='word_1_226' title='bbox 219 1691 266 1730; x_wconf 88' lang='lat' dir='ltr'>de</span> <span class='ocrx_word' id='word_1_227' title='bbox 285 1692 361 1729; x_wconf 89' lang='lat' dir='ltr'>tuis</span> <span class='ocrx_word' id='word_1_228' title='bbox 387 1691 550 1739; x_wconf 87' lang='lat' dir='ltr'>cibariis,</span> <span class='ocrx_word' id='word_1_229' title='bbox 570 1692 630 1729; x_wconf 82' lang='lat' dir='ltr'>vel</span> <span class='ocrx_word' id='word_1_230' title='bbox 648 1690 696 1728; x_wconf 88' lang='lat' dir='ltr'>de</span> <span class='ocrx_word' id='word_1_231' title='bbox 713 1690 801 1728; x_wconf 73' lang='grc' dir='ltr'>111θὲ.</span> <span class='ocrx_word' id='word_1_232' title='bbox 826 1690 1065 1740; x_wconf 84' lang='lat' dir='ltr'>liberalitate,</span> <span class='ocrx_word' id='word_1_233' title='bbox 1094 1705 1183 1743; x_wconf 86' lang='lat' dir='ltr'>per-</span> 
     </span>
     <span class='ocr_line' id='line_1_30' title="bbox 67 1744 1183 1796; baseline 0 -12"><span class='ocrx_word' id='word_1_234' title='bbox 67 1746 225 1784; x_wconf 85' lang='lat' dir='ltr'>venisse.</span> <span class='ocrx_word' id='word_1_235' title='bbox 266 1745 384 1794; x_wconf 86' lang='lat' dir='ltr'>Quod</span> <span class='ocrx_word' id='word_1_236' title='bbox 402 1746 434 1784; x_wconf 89' lang='lat' dir='ltr'>si</span> <span class='ocrx_word' id='word_1_237' title='bbox 451 1745 549 1783; x_wconf 91' lang='lat' dir='ltr'>mihi</span> <span class='ocrx_word' id='word_1_238' title='bbox 568 1758 733 1796; x_wconf 81' lang='lat' dir='ltr'>expensa</span> <span class='ocrx_word' id='word_1_239' title='bbox 754 1744 826 1782; x_wconf 89' lang='lat' dir='ltr'>ista</span> <span class='ocrx_word' id='word_1_240' title='bbox 851 1745 922 1784; x_wconf 88' lang='lat' dir='ltr'>HS</span> <span class='ocrx_word' id='word_1_241' title='bbox 946 1753 1100 1784; x_wconf 89' lang='lat' dir='ltr'>centum</span> <span class='ocrx_word' id='word_1_242' title='bbox 1119 1754 1183 1784; x_wconf 89' lang='lat' dir='ltr'>tu-</span> 
     </span>
     <span class='ocr_line' id='line_1_31' title="bbox 65 1798 1185 1851; baseline 0 -13"><span class='ocrx_word' id='word_1_243' title='bbox 65 1800 187 1848; x_wconf 84' lang='lat' dir='ltr'>lisses,</span> <span class='ocrx_word' id='word_1_244' title='bbox 212 1807 356 1848; x_wconf 88' lang='lat' dir='ltr'>tamen,</span> <span class='ocrx_word' id='word_1_245' title='bbox 386 1814 474 1851; x_wconf 85' lang='lat' dir='ltr'>quae</span> <span class='ocrx_word' id='word_1_246' title='bbox 506 1807 572 1838; x_wconf 87' lang='lat' dir='ltr'>tua</span> <span class='ocrx_word' id='word_1_247' title='bbox 601 1806 657 1837; x_wconf 86' lang='lat' dir='ltr'>est</span> <span class='ocrx_word' id='word_1_248' title='bbox 686 1798 864 1845; x_wconf 85' lang='lat' dir='ltr'>suavitas,</span> <span class='ocrx_word' id='word_1_249' title='bbox 888 1799 1032 1850; x_wconf 90' lang='lat' dir='ltr'>quique</span> <span class='ocrx_word' id='word_1_250' title='bbox 1060 1800 1102 1837; x_wconf 91' lang='lat' dir='ltr'>in</span> <span class='ocrx_word' id='word_1_251' title='bbox 1120 1812 1185 1838; x_wconf 87' lang='lat' dir='ltr'>me</span> 
     </span>
     <span class='ocr_line' id='line_1_32' title="bbox 68 1852 1186 1904; baseline 0 -12"><span class='ocrx_word' id='word_1_252' title='bbox 68 1867 190 1901; x_wconf 87' lang='lat' dir='ltr'>amor,</span> <span class='ocrx_word' id='word_1_253' title='bbox 210 1854 330 1892; x_wconf 90' lang='lat' dir='ltr'>nolles</span> <span class='ocrx_word' id='word_1_254' title='bbox 357 1867 381 1892; x_wconf 87' lang='lat' dir='ltr'>a</span> <span class='ocrx_word' id='word_1_255' title='bbox 406 1867 469 1892; x_wconf 91' lang='lat' dir='ltr'>me</span> <span class='ocrx_word' id='word_1_256' title='bbox 487 1854 560 1892; x_wconf 89' lang='lat' dir='ltr'>hoc</span> <span class='ocrx_word' id='word_1_257' title='bbox 577 1860 746 1904; x_wconf 85' lang='lat' dir='ltr'>tempore</span> <span class='ocrx_word' id='word_1_258' title='bbox 772 1852 1061 1892; x_wconf 71' lang='lat' dir='ltr'>aestimationem</span> <span class='ocrx_word' id='word_1_259' title='bbox 1088 1853 1186 1892; x_wconf 86' lang='lat' dir='ltr'>acci-</span> 
     </span>
     <span class='ocr_line' id='line_1_33' title="bbox 32 1907 1184 1960; baseline -0.001 -13"><span class='ocrx_word' id='word_1_260' title='bbox 32 1933 37 1936; x_wconf 76' lang='lat'>,</span> <span class='ocrx_word' id='word_1_261' title='bbox 67 1921 181 1960; x_wconf 86' lang='lat' dir='ltr'>pere:</span> <span class='ocrx_word' id='word_1_262' title='bbox 211 1920 303 1947; x_wconf 90' lang='lat' dir='ltr'>nam</span> <span class='ocrx_word' id='word_1_263' title='bbox 321 1916 567 1946; x_wconf 85' lang='lat' dir='ltr'>numeratum</span> <span class='ocrx_word' id='word_1_264' title='bbox 592 1907 624 1945; x_wconf 91' lang='lat' dir='ltr'>si</span> <span class='ocrx_word' id='word_1_265' title='bbox 651 1919 843 1958; x_wconf 87' lang='lat' dir='ltr'>cuperem,</span> <span class='ocrx_word' id='word_1_266' title='bbox 866 1919 944 1944; x_wconf 91' lang='lat' dir='ltr'>non</span> <span class='ocrx_word' id='word_1_267' title='bbox 973 1916 1063 1946; x_wconf 83' lang='lat' dir='ltr'>erat.</span> <span class='ocrx_word' id='word_1_268' title='bbox 1107 1907 1184 1946; x_wconf 89' lang='lat' dir='ltr'>Sed</span> 
     </span>
     <span class='ocr_line' id='line_1_34' title="bbox 67 1960 1185 2014; baseline -0.001 -13"><span class='ocrx_word' id='word_1_269' title='bbox 67 1963 140 2001; x_wconf 87' lang='lat' dir='ltr'>hoc</span> <span class='ocrx_word' id='word_1_270' title='bbox 154 1963 326 2012; x_wconf 87' lang='lat' dir='ltr'>jocatum</span> <span class='ocrx_word' id='word_1_271' title='bbox 343 1975 406 2000; x_wconf 87' lang='lat' dir='ltr'>me</span> <span class='ocrx_word' id='word_1_272' title='bbox 425 1969 572 2014; x_wconf 86' lang='lat' dir='ltr'>putato,</span> <span class='ocrx_word' id='word_1_273' title='bbox 591 1969 636 2000; x_wconf 90' lang='lat' dir='ltr'>ut</span> <span class='ocrx_word' id='word_1_274' title='bbox 654 1974 724 2012; x_wconf 88' lang='lat' dir='ltr'>ego</span> <span class='ocrx_word' id='word_1_275' title='bbox 742 1967 780 1998; x_wconf 89' lang='lat' dir='ltr'>te</span> <span class='ocrx_word' id='word_1_276' title='bbox 798 1960 985 1999; x_wconf 84' lang='lat' dir='ltr'>existimo.</span> <span class='ocrx_word' id='word_1_277' title='bbox 1013 1962 1101 2013; x_wconf 88' lang='lat' dir='ltr'>Ego</span> <span class='ocrx_word' id='word_1_278' title='bbox 1125 1969 1185 2000; x_wconf 87' lang='lat' dir='ltr'>ta-</span> 
     </span>
     <span class='ocr_line' id='line_1_35' title="bbox 68 2015 1179 2064; baseline -0.001 -9"><span class='ocrx_word' id='word_1_279' title='bbox 68 2029 173 2063; x_wconf 88' lang='lat' dir='ltr'>men,</span> <span class='ocrx_word' id='word_1_280' title='bbox 194 2030 284 2055; x_wconf 86' lang='lat' dir='ltr'>cum</span> <span class='ocrx_word' id='word_1_281' title='bbox 302 2016 459 2055; x_wconf 92' lang='lat' dir='ltr'>Tullius</span> <span class='ocrx_word' id='word_1_282' title='bbox 485 2029 572 2054; x_wconf 82' lang='lat' dir='ltr'>rure</span> <span class='ocrx_word' id='word_1_283' title='bbox 590 2015 755 2062; x_wconf 82' lang='lat' dir='ltr'>redierit,</span> <span class='ocrx_word' id='word_1_284' title='bbox 781 2015 934 2052; x_wconf 90' lang='lat' dir='ltr'>mittam</span> <span class='ocrx_word' id='word_1_285' title='bbox 952 2028 1041 2054; x_wconf 91' lang='lat' dir='ltr'>eum</span> <span class='ocrx_word' id='word_1_286' title='bbox 1061 2015 1110 2053; x_wconf 88' lang='lat' dir='ltr'>ad</span> <span class='ocrx_word' id='word_1_287' title='bbox 1127 2022 1179 2064; x_wconf 84' lang='lat' dir='ltr'>te,</span> 
     </span>
     <span class='ocr_line' id='line_1_36' title="bbox 65 2069 1182 2122; baseline 0.001 -14"><span class='ocrx_word' id='word_1_288' title='bbox 65 2071 99 2109; x_wconf 87' lang='lat' dir='ltr'>si</span> <span class='ocrx_word' id='word_1_289' title='bbox 117 2071 212 2122; x_wconf 87' lang='lat' dir='ltr'>quid</span> <span class='ocrx_word' id='word_1_290' title='bbox 223 2071 272 2109; x_wconf 87' lang='lat' dir='ltr'>ad</span> <span class='ocrx_word' id='word_1_291' title='bbox 288 2082 370 2109; x_wconf 87' lang='lat' dir='ltr'>rem</span> <span class='ocrx_word' id='word_1_292' title='bbox 382 2070 535 2122; x_wconf 86' lang='lat' dir='ltr'>putabis</span> <span class='ocrx_word' id='word_1_293' title='bbox 548 2069 746 2122; x_wconf 86' lang='lat' dir='ltr'>pertinere.</span> <span class='ocrx_word' id='word_1_294' title='bbox 776 2069 817 2107; x_wconf 95' lang='lat' dir='ltr'>H</span> <span class='ocrx_word' id='word_1_295' title='bbox 821 2081 891 2107; x_wconf 89' lang='lat' dir='ltr'>anc</span> <span class='ocrx_word' id='word_1_296' title='bbox 905 2069 1103 2121; x_wconf 85' lang='lat' dir='ltr'>epistolam</span> <span class='ocrx_word' id='word_1_297' title='bbox 1114 2077 1182 2110; x_wconf 82' lang='lat' dir='ltr'>cu&#39;r</span> 
     </span>
     <span class='ocr_line' id='line_1_37' title="bbox 65 2123 909 2172; baseline -0.004 -9"><span class='ocrx_word' id='word_1_298' title='bbox 65 2137 144 2164; x_wconf 90' lang='lat' dir='ltr'>non</span> <span class='ocrx_word' id='word_1_299' title='bbox 163 2125 282 2163; x_wconf 80' lang='lat' dir='ltr'>scindi</span> <span class='ocrx_word' id='word_1_300' title='bbox 294 2125 424 2172; x_wconf 87' lang='lat' dir='ltr'>velim,</span> <span class='ocrx_word' id='word_1_301' title='bbox 444 2138 557 2164; x_wconf 84' lang='lat' dir='ltr'>causa</span> <span class='ocrx_word' id='word_1_302' title='bbox 574 2124 682 2162; x_wconf 88' lang='lat' dir='ltr'>nulla</span> <span class='ocrx_word' id='word_1_303' title='bbox 700 2130 767 2162; x_wconf 85' lang='lat' dir='ltr'>est.</span> <span class='ocrx_word' id='word_1_304' title='bbox 797 2123 909 2161; x_wconf 83' lang='lat' dir='ltr'>Vale.</span> 
     </span>
     <span class='ocr_line' id='line_1_38' title="bbox 81 2180 958 2230; baseline -0.001 -15"><span class='ocrx_word' id='word_1_305' title='bbox 81 2198 92 2203; x_wconf 86' lang='lat'>·-</span> <span class='ocrx_word' id='word_1_306' title='bbox 125 2180 293 2230; x_wconf 70' lang='lat' dir='ltr'>(Epist.)</span> <span class='ocrx_word' id='word_1_307' title='bbox 309 2190 412 2217; x_wconf 78' lang='lat' dir='ltr'>vo1..</span> <span class='ocrx_word' id='word_1_308' title='bbox 436 2191 466 2216; x_wconf 83' lang='lat'>1.</span> <span class='ocrx_word' id='word_1_309' title='bbox 682 2214 685 2217; x_wconf 90' lang='grc'>,</span> <span class='ocrx_word' id='word_1_310' title='bbox 883 2187 910 2214; x_wconf 93' lang='grc' dir='ltr'><strong>ο</strong></span> <span class='ocrx_word' id='word_1_311' title='bbox 951 2215 958 2221; x_wconf 58' lang='grc'>,</span> 
     </span>
    </p>
   </div>
  </div>
 </body>
</html>
