<?xml version="1.0" encoding="UTF-8"?>
<!DOCTYPE html PUBLIC "-//W3C//DTD XHTML 1.0 Transitional//EN"
    "http://www.w3.org/TR/xhtml1/DTD/xhtml1-transitional.dtd">
<html xmlns="http://www.w3.org/1999/xhtml" xml:lang="en" lang="en">
 <head>
  <title>
</title>
<meta http-equiv="Content-Type" content="text/html;charset=utf-8" />
  <meta name='ocr-system' content='tesseract 3.04.00' />
  <meta name='ocr-capabilities' content='ocr_page ocr_carea ocr_par ocr_line ocrx_word'/>
</head>
<body>
  <div class='ocr_page' id='page_1' title='image "./operaern09ciceuoft_0193.png"; bbox 0 0 1501 2407; ppageno 0'>
   <div class='ocr_carea' id='block_1_1' title="bbox 332 79 1267 141">
    <p class='ocr_par' dir='ltr' id='par_1_1' title="bbox 332 79 1267 141">
     <span class='ocr_line' id='line_1_1' title="bbox 332 79 1267 141; baseline -0.001 -5"><span class='ocrx_word' id='word_1_1' title='bbox 332 79 416 136; x_wconf 77' lang='lat' dir='ltr'>AD</span> <span class='ocrx_word' id='word_1_2' title='bbox 444 96 741 137; x_wconf 65' lang='lat' dir='ltr'>mvmzsos.</span> <span class='ocrx_word' id='word_1_3' title='bbox 772 96 872 135; x_wconf 85' lang='lat' dir='ltr'>LIB.</span> <span class='ocrx_word' id='word_1_4' title='bbox 906 96 982 136; x_wconf 81' lang='lat' dir='ltr'>vl.</span> <span class='ocrx_word' id='word_1_5' title='bbox 1012 97 1077 135; x_wconf 73' lang='lat'>22.</span> <span class='ocrx_word' id='word_1_6' title='bbox 1192 96 1267 141; x_wconf 79' lang='lat'>179</span> 
     </span>
    </p>
   </div>
   <div class='ocr_carea' id='block_1_2' title="bbox 146 204 1285 1131">
    <p class='ocr_par' dir='ltr' id='par_1_2' title="bbox 146 204 1274 363">
     <span class='ocr_line' id='line_1_2' title="bbox 146 204 1272 253; baseline -0.003 -7"><span class='ocrx_word' id='word_1_7' title='bbox 146 204 327 246; x_wconf 71' lang='lat' dir='ltr'>omnium</span> <span class='ocrx_word' id='word_1_8' title='bbox 344 219 472 245; x_wconf 92' lang='lat' dir='ltr'>rerum</span> <span class='ocrx_word' id='word_1_9' title='bbox 485 218 590 244; x_wconf 88' lang='lat' dir='ltr'>mors</span> <span class='ocrx_word' id='word_1_10' title='bbox 609 205 659 245; x_wconf 79' lang='lat' dir='ltr'>sit</span> <span class='ocrx_word' id='word_1_11' title='bbox 677 214 909 253; x_wconf 83' lang='lat' dir='ltr'>extremum,</span> <span class='ocrx_word' id='word_1_12' title='bbox 925 213 961 244; x_wconf 79' lang='lat' dir='ltr'>et</span> <span class='ocrx_word' id='word_1_13' title='bbox 978 205 1076 243; x_wconf 84' lang='lat' dir='ltr'>mihi</span> <span class='ocrx_word' id='word_1_14' title='bbox 1093 204 1167 244; x_wconf 87' lang='lat' dir='ltr'>sim</span> <span class='ocrx_word' id='word_1_15' title='bbox 1181 216 1272 244; x_wconf 84' lang='lat' dir='ltr'>con-</span> 
     </span>
     <span class='ocr_line' id='line_1_3' title="bbox 151 259 1274 313; baseline -0.003 -13"><span class='ocrx_word' id='word_1_16' title='bbox 151 262 265 310; x_wconf 88' lang='lat' dir='ltr'>scius,</span> <span class='ocrx_word' id='word_1_17' title='bbox 294 273 370 310; x_wconf 79' lang='lat' dir='ltr'>me,</span> <span class='ocrx_word' id='word_1_18' title='bbox 401 260 530 313; x_wconf 83' lang='lat' dir='ltr'>quoad</span> <span class='ocrx_word' id='word_1_19' title='bbox 552 260 716 309; x_wconf 78' lang='lat' dir='ltr'>licuerit,</span> <span class='ocrx_word' id='word_1_20' title='bbox 743 260 921 312; x_wconf 72' lang='lat' dir='ltr'>dignitati</span> <span class='ocrx_word' id='word_1_21' title='bbox 944 259 1164 311; x_wconf 85' lang='lat' dir='ltr'>reipublicae</span> <span class='ocrx_word' id='word_1_22' title='bbox 1182 271 1274 298; x_wconf 89' lang='lat' dir='ltr'>con-</span> 
     </span>
     <span class='ocr_line' id='line_1_4' title="bbox 152 314 1218 363; baseline -0.004 -8"><span class='ocrx_word' id='word_1_23' title='bbox 152 316 328 360; x_wconf 79' lang='lat' dir='ltr'>suluisse,</span> <span class='ocrx_word' id='word_1_24' title='bbox 350 322 400 363; x_wconf 89' lang='lat' dir='ltr'>et,</span> <span class='ocrx_word' id='word_1_25' title='bbox 419 315 492 354; x_wconf 85' lang='lat' dir='ltr'>hac</span> <span class='ocrx_word' id='word_1_26' title='bbox 510 315 663 362; x_wconf 57' lang='lat' dir='ltr'>amissa,</span> <span class='ocrx_word' id='word_1_27' title='bbox 685 316 849 354; x_wconf 82' lang='lat' dir='ltr'>salutem</span> <span class='ocrx_word' id='word_1_28' title='bbox 868 314 1028 353; x_wconf 88' lang='lat' dir='ltr'>retinere</span> <span class='ocrx_word' id='word_1_29' title='bbox 1043 314 1218 352; x_wconf 81' lang='lat' dir='ltr'>voluisse.</span> 
     </span>
    </p>

    <p class='ocr_par' dir='ltr' id='par_1_3' title="bbox 152 367 1280 859">
     <span class='ocr_line' id='line_1_5' title="bbox 207 367 1274 422; baseline -0.003 -13"><span class='ocrx_word' id='word_1_30' title='bbox 207 370 306 409; x_wconf 85' lang='lat' dir='ltr'>Haec</span> <span class='ocrx_word' id='word_1_31' title='bbox 320 367 465 422; x_wconf 84' lang='lat' dir='ltr'>scripsi,</span> <span class='ocrx_word' id='word_1_32' title='bbox 478 381 556 408; x_wconf 91' lang='lat' dir='ltr'>non</span> <span class='ocrx_word' id='word_1_33' title='bbox 570 377 614 408; x_wconf 88' lang='lat' dir='ltr'>ut</span> <span class='ocrx_word' id='word_1_34' title='bbox 633 370 680 408; x_wconf 88' lang='lat' dir='ltr'>de</span> <span class='ocrx_word' id='word_1_35' title='bbox 693 383 757 408; x_wconf 88' lang='lat' dir='ltr'>me</span> <span class='ocrx_word' id='word_1_36' title='bbox 775 369 857 421; x_wconf 89' lang='lat' dir='ltr'>ipse</span> <span class='ocrx_word' id='word_1_37' title='bbox 874 369 1054 417; x_wconf 77' lang='lat' dir='ltr'>dicerem,</span> <span class='ocrx_word' id='word_1_38' title='bbox 1075 368 1141 407; x_wconf 87' lang='lat' dir='ltr'>sed</span> <span class='ocrx_word' id='word_1_39' title='bbox 1160 375 1203 406; x_wconf 92' lang='lat' dir='ltr'>ut</span> <span class='ocrx_word' id='word_1_40' title='bbox 1215 375 1274 417; x_wconf 90' lang='lat' dir='ltr'>tu,</span> 
     </span>
     <span class='ocr_line' id='line_1_6' title="bbox 153 422 1277 477; baseline -0.004 -14"><span class='ocrx_word' id='word_1_41' title='bbox 153 425 222 477; x_wconf 91' lang='lat' dir='ltr'>qui</span> <span class='ocrx_word' id='word_1_42' title='bbox 241 424 550 474; x_wconf 61' lang='lat' dir='ltr'>conjunctissima</span> <span class='ocrx_word' id='word_1_43' title='bbox 575 423 684 462; x_wconf 85' lang='lat' dir='ltr'>fuisti</span> <span class='ocrx_word' id='word_1_44' title='bbox 712 437 865 463; x_wconf 85' lang='lat' dir='ltr'>mecum</span> <span class='ocrx_word' id='word_1_45' title='bbox 885 431 924 462; x_wconf 85' lang='lat' dir='ltr'>et</span> <span class='ocrx_word' id='word_1_46' title='bbox 947 422 1134 462; x_wconf 65' lang='lat' dir='ltr'>sententia</span> <span class='ocrx_word' id='word_1_47' title='bbox 1154 430 1191 460; x_wconf 91' lang='lat' dir='ltr'>et</span> <span class='ocrx_word' id='word_1_48' title='bbox 1210 435 1277 460; x_wconf 83' lang='lat' dir='ltr'>vo-</span> 
     </span>
     <span class='ocr_line' id='line_1_7' title="bbox 152 476 1276 530; baseline -0.002 -13"><span class='ocrx_word' id='word_1_49' title='bbox 152 479 314 526; x_wconf 82' lang='lat' dir='ltr'>luntate,</span> <span class='ocrx_word' id='word_1_50' title='bbox 329 478 463 517; x_wconf 85' lang='lat' dir='ltr'>eadem</span> <span class='ocrx_word' id='word_1_51' title='bbox 482 479 679 530; x_wconf 84' lang='lat' dir='ltr'>cogitares.</span> <span class='ocrx_word' id='word_1_52' title='bbox 706 478 858 529; x_wconf 77' lang='lat' dir='ltr'>Magna</span> <span class='ocrx_word' id='word_1_53' title='bbox 871 477 974 515; x_wconf 79' lang='lat' dir='ltr'>enim</span> <span class='ocrx_word' id='word_1_54' title='bbox 987 476 1193 516; x_wconf 85' lang='lat' dir='ltr'>consolatio</span> <span class='ocrx_word' id='word_1_55' title='bbox 1204 484 1276 524; x_wconf 88' lang='lat' dir='ltr'>est,</span> 
     </span>
     <span class='ocr_line' id='line_1_8' title="bbox 155 531 1276 582; baseline -0.004 -10"><span class='ocrx_word' id='word_1_56' title='bbox 155 547 246 573; x_wconf 88' lang='lat' dir='ltr'>cum</span> <span class='ocrx_word' id='word_1_57' title='bbox 275 533 483 582; x_wconf 82' lang='lat' dir='ltr'>recordare,</span> <span class='ocrx_word' id='word_1_58' title='bbox 525 533 674 571; x_wconf 84' lang='lat' dir='ltr'>etiamsi</span> <span class='ocrx_word' id='word_1_59' title='bbox 710 545 816 571; x_wconf 87' lang='lat' dir='ltr'>secus</span> <span class='ocrx_word' id='word_1_60' title='bbox 848 531 1037 580; x_wconf 81' lang='lat' dir='ltr'>acciderit,</span> <span class='ocrx_word' id='word_1_61' title='bbox 1069 539 1108 570; x_wconf 89' lang='lat' dir='ltr'>te</span> <span class='ocrx_word' id='word_1_62' title='bbox 1143 538 1276 569; x_wconf 86' lang='lat' dir='ltr'>tamen</span> 
     </span>
     <span class='ocr_line' id='line_1_9' title="bbox 153 586 1278 639; baseline -0.004 -12"><span class='ocrx_word' id='word_1_63' title='bbox 153 595 253 627; x_wconf 88' lang='lat' dir='ltr'>recte</span> <span class='ocrx_word' id='word_1_64' title='bbox 272 600 434 639; x_wconf 88' lang='lat' dir='ltr'>vereque</span> <span class='ocrx_word' id='word_1_65' title='bbox 454 587 621 626; x_wconf 84' lang='lat' dir='ltr'>sensisse.</span> <span class='ocrx_word' id='word_1_66' title='bbox 650 587 787 639; x_wconf 88' lang='lat' dir='ltr'>Atque</span> <span class='ocrx_word' id='word_1_67' title='bbox 805 587 954 625; x_wconf 84' lang='lat' dir='ltr'>utinam</span> <span class='ocrx_word' id='word_1_68' title='bbox 973 586 1083 624; x_wconf 88' lang='lat' dir='ltr'>liceat</span> <span class='ocrx_word' id='word_1_69' title='bbox 1102 586 1278 637; x_wconf 86' lang='lat' dir='ltr'>aliquan-</span> 
     </span>
     <span class='ocr_line' id='line_1_10' title="bbox 154 640 1280 694; baseline -0.004 -13"><span class='ocrx_word' id='word_1_70' title='bbox 154 642 219 692; x_wconf 89' lang='lat' dir='ltr'>do,</span> <span class='ocrx_word' id='word_1_71' title='bbox 254 641 384 694; x_wconf 88' lang='lat' dir='ltr'>aliquo</span> <span class='ocrx_word' id='word_1_72' title='bbox 412 642 633 694; x_wconf 88' lang='lat' dir='ltr'>reipublicae</span> <span class='ocrx_word' id='word_1_73' title='bbox 660 649 761 680; x_wconf 83' lang='lat' dir='ltr'>statu</span> <span class='ocrx_word' id='word_1_74' title='bbox 791 653 860 680; x_wconf 90' lang='lat' dir='ltr'>nos</span> <span class='ocrx_word' id='word_1_75' title='bbox 889 640 980 689; x_wconf 83' lang='lat' dir='ltr'>frui,</span> <span class='ocrx_word' id='word_1_76' title='bbox 1005 640 1103 678; x_wconf 85' lang='lat' dir='ltr'>inter</span> <span class='ocrx_word' id='word_1_77' title='bbox 1132 652 1280 691; x_wconf 85' lang='lat' dir='ltr'>nosque</span> 
     </span>
     <span class='ocr_line' id='line_1_11' title="bbox 153 695 1278 747; baseline -0.004 -12"><span class='ocrx_word' id='word_1_78' title='bbox 153 697 324 735; x_wconf 80' lang='lat' dir='ltr'>conferre</span> <span class='ocrx_word' id='word_1_79' title='bbox 343 696 614 735; x_wconf 42' lang='lat' dir='ltr'>sollicitudines</span> <span class='ocrx_word' id='word_1_80' title='bbox 632 704 793 741; x_wconf 81' lang='lat' dir='ltr'>nostras,</span> <span class='ocrx_word' id='word_1_81' title='bbox 814 709 909 747; x_wconf 86' lang='lat' dir='ltr'>quas</span> <span class='ocrx_word' id='word_1_82' title='bbox 928 695 1158 747; x_wconf 80' lang='lat' dir='ltr'>pertulimus</span> <span class='ocrx_word' id='word_1_83' title='bbox 1176 702 1278 741; x_wconf 85' lang='lat' dir='ltr'>turn,</span> 
     </span>
     <span class='ocr_line' id='line_1_12' title="bbox 154 748 1277 803; baseline -0.004 -13"><span class='ocrx_word' id='word_1_84' title='bbox 154 764 247 790; x_wconf 90' lang='lat' dir='ltr'>cum</span> <span class='ocrx_word' id='word_1_85' title='bbox 266 751 393 789; x_wconf 89' lang='lat' dir='ltr'>timidi</span> <span class='ocrx_word' id='word_1_86' title='bbox 418 752 666 803; x_wconf 82' lang='lat' dir='ltr'>putabamur,</span> <span class='ocrx_word' id='word_1_87' title='bbox 694 750 786 803; x_wconf 83' lang='lat' dir='ltr'>quia</span> <span class='ocrx_word' id='word_1_88' title='bbox 807 750 1029 789; x_wconf 83' lang='lat' dir='ltr'>dicebamus</span> <span class='ocrx_word' id='word_1_89' title='bbox 1059 762 1103 787; x_wconf 87' lang='lat' dir='ltr'>ea</span> <span class='ocrx_word' id='word_1_90' title='bbox 1131 748 1277 797; x_wconf 83' lang='lat' dir='ltr'>futura,</span> 
     </span>
     <span class='ocr_line' id='line_1_13' title="bbox 156 805 485 859; baseline -0.003 -15"><span class='ocrx_word' id='word_1_91' title='bbox 156 819 244 859; x_wconf 88' lang='lat' dir='ltr'>quae</span> <span class='ocrx_word' id='word_1_92' title='bbox 263 805 363 844; x_wconf 83' lang='lat' dir='ltr'>facta</span> <span class='ocrx_word' id='word_1_93' title='bbox 382 813 485 844; x_wconf 88' lang='lat' dir='ltr'>sunt.</span> 
     </span>
    </p>

    <p class='ocr_par' dir='ltr' id='par_1_4' title="bbox 154 856 1285 1131">
     <span class='ocr_line' id='line_1_14' title="bbox 209 856 1285 912; baseline -0.003 -14"><span class='ocrx_word' id='word_1_94' title='bbox 209 859 274 899; x_wconf 92' lang='lat' dir='ltr'>De</span> <span class='ocrx_word' id='word_1_95' title='bbox 292 859 369 898; x_wconf 89' lang='lat' dir='ltr'>tuis</span> <span class='ocrx_word' id='word_1_96' title='bbox 387 861 500 898; x_wconf 89' lang='lat' dir='ltr'>rebus</span> <span class='ocrx_word' id='word_1_97' title='bbox 517 860 614 898; x_wconf 85' lang='lat' dir='ltr'>nihil</span> <span class='ocrx_word' id='word_1_98' title='bbox 634 873 728 909; x_wconf 87' lang='lat' dir='ltr'>esse,</span> <span class='ocrx_word' id='word_1_99' title='bbox 748 859 853 912; x_wconf 89' lang='lat' dir='ltr'>quod</span> <span class='ocrx_word' id='word_1_100' title='bbox 870 858 1019 907; x_wconf 84' lang='lat' dir='ltr'>timeas,</span> <span class='ocrx_word' id='word_1_101' title='bbox 1039 864 1176 910; x_wconf 87' lang='lat' dir='ltr'>praeter</span> <span class='ocrx_word' id='word_1_102' title='bbox 1194 856 1285 895; x_wconf 88' lang='lat' dir='ltr'>uni-</span> 
     </span>
     <span class='ocr_line' id='line_1_15' title="bbox 156 911 1281 966; baseline -0.003 -13"><span class='ocrx_word' id='word_1_103' title='bbox 156 927 273 954; x_wconf 78' lang='lat' dir='ltr'>versae</span> <span class='ocrx_word' id='word_1_104' title='bbox 300 914 523 966; x_wconf 85' lang='lat' dir='ltr'>reipublicae</span> <span class='ocrx_word' id='word_1_105' title='bbox 553 914 765 964; x_wconf 87' lang='lat' dir='ltr'>interitum,</span> <span class='ocrx_word' id='word_1_106' title='bbox 793 913 865 952; x_wconf 81' lang='lat' dir='ltr'>tibi</span> <span class='ocrx_word' id='word_1_107' title='bbox 893 911 1089 953; x_wconf 87' lang='lat' dir='ltr'>confirmo.</span> <span class='ocrx_word' id='word_1_108' title='bbox 1124 912 1188 950; x_wconf 90' lang='lat' dir='ltr'>De</span> <span class='ocrx_word' id='word_1_109' title='bbox 1216 924 1281 951; x_wconf 91' lang='lat' dir='ltr'>me</span> 
     </span>
     <span class='ocr_line' id='line_1_16' title="bbox 155 966 1282 1021; baseline -0.003 -14"><span class='ocrx_word' id='word_1_110' title='bbox 155 976 286 1008; x_wconf 84' lang='lat' dir='ltr'>autem</span> <span class='ocrx_word' id='word_1_111' title='bbox 310 969 362 1007; x_wconf 89' lang='lat' dir='ltr'>sic</span> <span class='ocrx_word' id='word_1_112' title='bbox 385 969 501 1008; x_wconf 88' lang='lat' dir='ltr'>velim</span> <span class='ocrx_word' id='word_1_113' title='bbox 527 968 689 1018; x_wconf 82' lang='lat' dir='ltr'>judices,</span> <span class='ocrx_word' id='word_1_114' title='bbox 717 976 908 1021; x_wconf 80' lang='lat' dir='ltr'>quantum</span> <span class='ocrx_word' id='word_1_115' title='bbox 938 980 1008 1019; x_wconf 88' lang='lat' dir='ltr'>ego</span> <span class='ocrx_word' id='word_1_116' title='bbox 1033 966 1191 1019; x_wconf 85' lang='lat' dir='ltr'>possim,</span> <span class='ocrx_word' id='word_1_117' title='bbox 1217 978 1282 1005; x_wconf 89' lang='lat' dir='ltr'>me</span> 
     </span>
     <span class='ocr_line' id='line_1_17' title="bbox 154 1020 1282 1076; baseline -0.002 -15"><span class='ocrx_word' id='word_1_118' title='bbox 154 1023 240 1072; x_wconf 83' lang='lat' dir='ltr'>tibi,</span> <span class='ocrx_word' id='word_1_119' title='bbox 261 1022 377 1062; x_wconf 89' lang='lat' dir='ltr'>saluti</span> <span class='ocrx_word' id='word_1_120' title='bbox 399 1030 490 1070; x_wconf 88' lang='lat' dir='ltr'>tuae,</span> <span class='ocrx_word' id='word_1_121' title='bbox 517 1023 722 1076; x_wconf 89' lang='lat' dir='ltr'>liberisque</span> <span class='ocrx_word' id='word_1_122' title='bbox 745 1023 835 1072; x_wconf 83' lang='lat' dir='ltr'>tuis,</span> <span class='ocrx_word' id='word_1_123' title='bbox 862 1034 1015 1062; x_wconf 87' lang='lat' dir='ltr'>summo</span> <span class='ocrx_word' id='word_1_124' title='bbox 1041 1034 1131 1060; x_wconf 87' lang='lat' dir='ltr'>cum</span> <span class='ocrx_word' id='word_1_125' title='bbox 1154 1020 1282 1061; x_wconf 85' lang='lat' dir='ltr'>studio</span> 
     </span>
     <span class='ocr_line' id='line_1_18' title="bbox 155 1077 807 1131; baseline -0.002 -15"><span class='ocrx_word' id='word_1_126' title='bbox 155 1086 295 1130; x_wconf 84' lang='lat' dir='ltr'>praesto</span> <span class='ocrx_word' id='word_1_127' title='bbox 309 1091 458 1131; x_wconf 84' lang='lat' dir='ltr'>semper</span> <span class='ocrx_word' id='word_1_128' title='bbox 476 1077 666 1116; x_wconf 86' lang='lat' dir='ltr'>futurum.</span> <span class='ocrx_word' id='word_1_129' title='bbox 695 1078 807 1117; x_wconf 82' lang='lat' dir='ltr'>Vale.</span> 
     </span>
    </p>
   </div>
   <div class='ocr_carea' id='block_1_3' title="bbox 383 1235 1058 1290">
    <p class='ocr_par' dir='ltr' id='par_1_5' title="bbox 383 1235 1058 1290">
     <span class='ocr_line' id='line_1_19' title="bbox 383 1235 1058 1290; baseline 0.001 -14"><span class='ocrx_word' id='word_1_130' title='bbox 383 1235 498 1290; x_wconf 80' lang='lat'><strong>(22.)</strong></span> <span class='ocrx_word' id='word_1_131' title='bbox 540 1236 753 1278; x_wconf 86' lang='lat' dir='ltr'>CICERO</span> <span class='ocrx_word' id='word_1_132' title='bbox 780 1237 1058 1278; x_wconf 79' lang='lat' dir='ltr'><strong>DOMITIO.</strong></span> 
     </span>
    </p>
   </div>
   <div class='ocr_carea' id='block_1_4' title="bbox 159 1349 1298 2274">
    <p class='ocr_par' dir='ltr' id='par_1_6' title="bbox 159 1349 1289 1729">
     <span class='ocr_line' id='line_1_20' title="bbox 216 1349 1280 1405; baseline -0.003 -15"><span class='ocrx_word' id='word_1_133' title='bbox 216 1351 543 1405; x_wconf 74' lang='lat' dir='ltr'>(Argumentum.</span> <span class='ocrx_word' id='word_1_134' title='bbox 572 1376 628 1383; x_wconf 86' lang='lat'><em>-</em></span> <span class='ocrx_word' id='word_1_135' title='bbox 654 1349 727 1388; x_wconf 88' lang='lat' dir='ltr'>Cn.</span> <span class='ocrx_word' id='word_1_136' title='bbox 755 1349 989 1394; x_wconf 82' lang='lat' dir='ltr'>Domitium,</span> <span class='ocrx_word' id='word_1_137' title='bbox 1021 1349 1070 1388; x_wconf 89' lang='lat' dir='ltr'>L.</span> <span class='ocrx_word' id='word_1_138' title='bbox 1098 1349 1144 1388; x_wconf 90' lang='lat' dir='ltr'>F.</span> <span class='ocrx_word' id='word_1_139' title='bbox 1178 1350 1280 1404; x_wconf 85' lang='lat' dir='ltr'>(qui,</span> 
     </span>
     <span class='ocr_line' id='line_1_21' title="bbox 159 1403 1285 1461; baseline -0.002 -15"><span class='ocrx_word' id='word_1_140' title='bbox 159 1414 248 1461; x_wconf 88' lang='lat' dir='ltr'>post</span> <span class='ocrx_word' id='word_1_141' title='bbox 275 1418 449 1458; x_wconf 86' lang='lat' dir='ltr'>pugnam</span> <span class='ocrx_word' id='word_1_142' title='bbox 471 1405 514 1443; x_wconf 90' lang='lat' dir='ltr'>in</span> <span class='ocrx_word' id='word_1_143' title='bbox 531 1404 747 1453; x_wconf 67' lang='lat' dir='ltr'>Thessalia,</span> <span class='ocrx_word' id='word_1_144' title='bbox 774 1406 823 1443; x_wconf 91' lang='lat' dir='ltr'>ab</span> <span class='ocrx_word' id='word_1_145' title='bbox 852 1403 968 1443; x_wconf 84' lang='lat' dir='ltr'>armis</span> <span class='ocrx_word' id='word_1_146' title='bbox 990 1413 1206 1454; x_wconf 80' lang='lat' dir='ltr'>recesserat,</span> <span class='ocrx_word' id='word_1_147' title='bbox 1226 1418 1285 1444; x_wconf 88' lang='lat' dir='ltr'>se-</span> 
     </span>
     <span class='ocr_line' id='line_1_22' title="bbox 160 1458 1284 1512; baseline -0.002 -12"><span class='ocrx_word' id='word_1_148' title='bbox 160 1461 240 1500; x_wconf 88' lang='lat' dir='ltr'>rius</span> <span class='ocrx_word' id='word_1_149' title='bbox 258 1468 388 1499; x_wconf 87' lang='lat' dir='ltr'>tamen</span> <span class='ocrx_word' id='word_1_150' title='bbox 407 1472 527 1512; x_wconf 89' lang='lat' dir='ltr'>quam</span> <span class='ocrx_word' id='word_1_151' title='bbox 547 1459 693 1507; x_wconf 90' lang='lat' dir='ltr'>Cicero,</span> <span class='ocrx_word' id='word_1_152' title='bbox 715 1472 780 1512; x_wconf 89' lang='lat' dir='ltr'>spe</span> <span class='ocrx_word' id='word_1_153' title='bbox 794 1458 915 1497; x_wconf 86' lang='lat' dir='ltr'>veniae</span> <span class='ocrx_word' id='word_1_154' title='bbox 932 1458 1197 1511; x_wconf 86' lang='lat' dir='ltr'>impetrandae,</span> <span class='ocrx_word' id='word_1_155' title='bbox 1219 1472 1284 1498; x_wconf 81' lang='lat' dir='ltr'>ve-</span> 
     </span>
     <span class='ocr_line' id='line_1_23' title="bbox 160 1512 1286 1565; baseline -0.003 -10"><span class='ocrx_word' id='word_1_156' title='bbox 160 1522 270 1555; x_wconf 88' lang='lat' dir='ltr'>nerat</span> <span class='ocrx_word' id='word_1_157' title='bbox 286 1515 328 1553; x_wconf 90' lang='lat' dir='ltr'>in</span> <span class='ocrx_word' id='word_1_158' title='bbox 347 1512 524 1564; x_wconf 80' lang='lat' dir='ltr'>Italiam)</span> <span class='ocrx_word' id='word_1_159' title='bbox 552 1522 648 1561; x_wconf 88' lang='lat' dir='ltr'>orat,</span> <span class='ocrx_word' id='word_1_160' title='bbox 668 1521 727 1562; x_wconf 88' lang='lat' dir='ltr'>ut,</span> <span class='ocrx_word' id='word_1_161' title='bbox 749 1526 838 1552; x_wconf 87' lang='lat' dir='ltr'>cum</span> <span class='ocrx_word' id='word_1_162' title='bbox 859 1513 1008 1565; x_wconf 88' lang='lat' dir='ltr'>reipub.</span> <span class='ocrx_word' id='word_1_163' title='bbox 1037 1514 1121 1563; x_wconf 87' lang='lat' dir='ltr'>jam</span> <span class='ocrx_word' id='word_1_164' title='bbox 1140 1513 1286 1552; x_wconf 77' lang='lat' dir='ltr'>satisfe-</span> 
     </span>
     <span class='ocr_line' id='line_1_24' title="bbox 162 1567 1289 1618; baseline -0.003 -8"><span class='ocrx_word' id='word_1_165' title='bbox 162 1570 269 1618; x_wconf 84' lang='lat' dir='ltr'>cerit,</span> <span class='ocrx_word' id='word_1_166' title='bbox 300 1567 557 1609; x_wconf 84' lang='lat' dir='ltr'>incolumitati</span> <span class='ocrx_word' id='word_1_167' title='bbox 581 1581 660 1607; x_wconf 86' lang='lat' dir='ltr'>suae</span> <span class='ocrx_word' id='word_1_168' title='bbox 681 1568 868 1615; x_wconf 84' lang='lat' dir='ltr'>consulat,</span> <span class='ocrx_word' id='word_1_169' title='bbox 890 1575 927 1606; x_wconf 90' lang='lat' dir='ltr'>et</span> <span class='ocrx_word' id='word_1_170' title='bbox 952 1568 1165 1607; x_wconf 89' lang='lat' dir='ltr'>amicorum</span> <span class='ocrx_word' id='word_1_171' title='bbox 1190 1567 1289 1607; x_wconf 88' lang='lat' dir='ltr'>desi-</span> 
     </span>
     <span class='ocr_line' id='line_1_25' title="bbox 162 1622 1288 1676; baseline -0.003 -12"><span class='ocrx_word' id='word_1_172' title='bbox 162 1624 330 1672; x_wconf 84' lang='lat' dir='ltr'>derium,</span> <span class='ocrx_word' id='word_1_173' title='bbox 364 1636 461 1676; x_wconf 88' lang='lat' dir='ltr'>quos</span> <span class='ocrx_word' id='word_1_174' title='bbox 490 1623 584 1662; x_wconf 87' lang='lat' dir='ltr'>belli</span> <span class='ocrx_word' id='word_1_175' title='bbox 615 1636 723 1661; x_wconf 85' lang='lat' dir='ltr'>casus</span> <span class='ocrx_word' id='word_1_176' title='bbox 753 1622 956 1674; x_wconf 88' lang='lat' dir='ltr'>eripuerat,</span> <span class='ocrx_word' id='word_1_177' title='bbox 992 1635 1117 1675; x_wconf 83' lang='lat' dir='ltr'>aequo,</span> <span class='ocrx_word' id='word_1_178' title='bbox 1151 1623 1288 1663; x_wconf 89' lang='lat' dir='ltr'>saltem</span> 
     </span>
     <span class='ocr_line' id='line_1_26' title="bbox 163 1676 1124 1729; baseline -0.003 -11"><span class='ocrx_word' id='word_1_179' title='bbox 163 1679 269 1729; x_wconf 83' lang='lat' dir='ltr'>forti,</span> <span class='ocrx_word' id='word_1_180' title='bbox 288 1678 386 1718; x_wconf 84' lang='lat' dir='ltr'>ferat</span> <span class='ocrx_word' id='word_1_181' title='bbox 403 1676 545 1717; x_wconf 83' lang='lat' dir='ltr'>animo.</span> <span class='ocrx_word' id='word_1_182' title='bbox 574 1677 724 1729; x_wconf 85' lang='lat' dir='ltr'>Scripta</span> <span class='ocrx_word' id='word_1_183' title='bbox 741 1677 891 1716; x_wconf 82' lang='lat' dir='ltr'>Caesare</span> <span class='ocrx_word' id='word_1_184' title='bbox 911 1676 998 1716; x_wconf 88' lang='lat' dir='ltr'>Cos.</span> <span class='ocrx_word' id='word_1_185' title='bbox 1019 1676 1124 1728; x_wconf 88' lang='lat'>111.)</span> 
     </span>
    </p>

    <p class='ocr_par' dir='ltr' id='par_1_7' title="bbox 162 1785 1298 2274">
     <span class='ocr_line' id='line_1_27' title="bbox 219 1785 1288 1839; baseline -0.001 -13"><span class='ocrx_word' id='word_1_186' title='bbox 219 1788 314 1826; x_wconf 89' lang='lat' dir='ltr'>Non</span> <span class='ocrx_word' id='word_1_187' title='bbox 333 1799 378 1826; x_wconf 85' lang='lat' dir='ltr'>ea</span> <span class='ocrx_word' id='word_1_188' title='bbox 394 1800 454 1826; x_wconf 56' lang='grc' dir='ltr'>τω</span> <span class='ocrx_word' id='word_1_189' title='bbox 475 1798 540 1825; x_wconf 88' lang='lat' dir='ltr'>me</span> <span class='ocrx_word' id='word_1_190' title='bbox 561 1785 756 1835; x_wconf 87' lang='lat' dir='ltr'>deterruit,</span> <span class='ocrx_word' id='word_1_191' title='bbox 789 1785 1011 1838; x_wconf 88' lang='lat' dir='ltr'>quominus,</span> <span class='ocrx_word' id='word_1_192' title='bbox 1037 1794 1288 1839; x_wconf 50' lang='lat' dir='ltr'>posteaquam</span> 
     </span>
     <span class='ocr_line' id='line_1_28' title="bbox 162 1840 1288 1893; baseline -0.003 -12"><span class='ocrx_word' id='word_1_193' title='bbox 162 1843 204 1882; x_wconf 91' lang='lat' dir='ltr'>in</span> <span class='ocrx_word' id='word_1_194' title='bbox 224 1841 382 1881; x_wconf 79' lang='lat' dir='ltr'>Italiam</span> <span class='ocrx_word' id='word_1_195' title='bbox 406 1840 557 1889; x_wconf 86' lang='lat' dir='ltr'>venisti,</span> <span class='ocrx_word' id='word_1_196' title='bbox 582 1841 710 1879; x_wconf 85' lang='lat' dir='ltr'>literas</span> <span class='ocrx_word' id='word_1_197' title='bbox 738 1840 788 1878; x_wconf 86' lang='lat' dir='ltr'>ad</span> <span class='ocrx_word' id='word_1_198' title='bbox 817 1848 855 1879; x_wconf 88' lang='lat' dir='ltr'>te</span> <span class='ocrx_word' id='word_1_199' title='bbox 879 1840 1087 1889; x_wconf 77' lang='lat' dir='ltr'>mitterem,</span> <span class='ocrx_word' id='word_1_200' title='bbox 1109 1841 1214 1893; x_wconf 89' lang='lat' dir='ltr'>quod</span> <span class='ocrx_word' id='word_1_201' title='bbox 1243 1849 1288 1879; x_wconf 92' lang='lat' dir='ltr'>tu</span> 
     </span>
     <span class='ocr_line' id='line_1_29' title="bbox 170 1894 1294 1947; baseline -0.003 -11"><span class='ocrx_word' id='word_1_202' title='bbox 170 1897 220 1936; x_wconf 85' lang='lat' dir='ltr'>ad</span> <span class='ocrx_word' id='word_1_203' title='bbox 237 1909 301 1935; x_wconf 90' lang='lat' dir='ltr'>me</span> <span class='ocrx_word' id='word_1_204' title='bbox 318 1896 446 1934; x_wconf 87' lang='lat' dir='ltr'>nullas</span> <span class='ocrx_word' id='word_1_205' title='bbox 462 1895 645 1940; x_wconf 84' lang='lat' dir='ltr'>miseras;</span> <span class='ocrx_word' id='word_1_206' title='bbox 675 1894 742 1933; x_wconf 85' lang='lat' dir='ltr'>sed</span> <span class='ocrx_word' id='word_1_207' title='bbox 761 1894 867 1946; x_wconf 76' lang='lat' dir='ltr'>quia,</span> <span class='ocrx_word' id='word_1_208' title='bbox 887 1907 957 1934; x_wconf 88' lang='lat' dir='ltr'>nec</span> <span class='ocrx_word' id='word_1_209' title='bbox 975 1895 1070 1947; x_wconf 89' lang='lat' dir='ltr'>quid</span> <span class='ocrx_word' id='word_1_210' title='bbox 1089 1895 1160 1934; x_wconf 86' lang='lat' dir='ltr'>tibi</span> <span class='ocrx_word' id='word_1_211' title='bbox 1178 1895 1294 1947; x_wconf 90' lang='lat' dir='ltr'>polli-</span> 
     </span>
     <span class='ocr_line' id='line_1_30' title="bbox 168 1949 1292 2002; baseline -0.003 -11"><span class='ocrx_word' id='word_1_212' title='bbox 168 1964 285 1998; x_wconf 82' lang='lat' dir='ltr'>cerer,</span> <span class='ocrx_word' id='word_1_213' title='bbox 305 1950 388 2002; x_wconf 89' lang='lat' dir='ltr'>ipse</span> <span class='ocrx_word' id='word_1_214' title='bbox 406 1962 521 2001; x_wconf 89' lang='lat' dir='ltr'>egens</span> <span class='ocrx_word' id='word_1_215' title='bbox 535 1951 649 1988; x_wconf 88' lang='lat' dir='ltr'>rebus</span> <span class='ocrx_word' id='word_1_216' title='bbox 664 1949 858 1997; x_wconf 87' lang='lat' dir='ltr'>omnibus,</span> <span class='ocrx_word' id='word_1_217' title='bbox 874 1961 958 1999; x_wconf 86' lang='lat' dir='ltr'>nec,</span> <span class='ocrx_word' id='word_1_218' title='bbox 971 1949 1066 2001; x_wconf 89' lang='lat' dir='ltr'>quid</span> <span class='ocrx_word' id='word_1_219' title='bbox 1077 1949 1292 1998; x_wconf 88' lang='lat' dir='ltr'>suaderem,</span> 
     </span>
     <span class='ocr_line' id='line_1_31' title="bbox 168 2003 1293 2056; baseline -0.003 -11"><span class='ocrx_word' id='word_1_220' title='bbox 168 2019 260 2045; x_wconf 90' lang='lat' dir='ltr'>cum</span> <span class='ocrx_word' id='word_1_221' title='bbox 277 2004 457 2043; x_wconf 83' lang='lat' dir='ltr'>mihimet</span> <span class='ocrx_word' id='word_1_222' title='bbox 468 2003 544 2055; x_wconf 89' lang='lat' dir='ltr'>ipsi</span> <span class='ocrx_word' id='word_1_223' title='bbox 562 2003 765 2042; x_wconf 85' lang='lat' dir='ltr'>consilium</span> <span class='ocrx_word' id='word_1_224' title='bbox 777 2003 936 2053; x_wconf 54' lang='lat' dir='ltr'>deesset,</span> <span class='ocrx_word' id='word_1_225' title='bbox 956 2016 1026 2042; x_wconf 90' lang='lat' dir='ltr'>nec</span> <span class='ocrx_word' id='word_1_226' title='bbox 1045 2004 1140 2056; x_wconf 91' lang='lat' dir='ltr'>quid</span> <span class='ocrx_word' id='word_1_227' title='bbox 1159 2016 1293 2042; x_wconf 87' lang='lat' dir='ltr'>conso-</span> 
     </span>
     <span class='ocr_line' id='line_1_32' title="bbox 169 2057 1296 2110; baseline -0.003 -11"><span class='ocrx_word' id='word_1_228' title='bbox 169 2059 323 2099; x_wconf 83' lang='lat' dir='ltr'>lationis</span> <span class='ocrx_word' id='word_1_229' title='bbox 355 2058 531 2097; x_wconf 89' lang='lat' dir='ltr'>afferrem</span> <span class='ocrx_word' id='word_1_230' title='bbox 551 2057 593 2096; x_wconf 88' lang='lat' dir='ltr'>in</span> <span class='ocrx_word' id='word_1_231' title='bbox 622 2057 738 2096; x_wconf 83' lang='lat' dir='ltr'>tantis</span> <span class='ocrx_word' id='word_1_232' title='bbox 761 2058 890 2106; x_wconf 84' lang='lat' dir='ltr'>malis,</span> <span class='ocrx_word' id='word_1_233' title='bbox 918 2058 1166 2110; x_wconf 87' lang='lat' dir='ltr'>reperiebam.</span> <span class='ocrx_word' id='word_1_234' title='bbox 1197 2058 1296 2096; x_wconf 87' lang='lat' dir='ltr'>Haec</span> 
     </span>
     <span class='ocr_line' id='line_1_33' title="bbox 169 2112 1298 2167; baseline -0.004 -14"><span class='ocrx_word' id='word_1_235' title='bbox 169 2126 411 2167; x_wconf 89' lang='lat' dir='ltr'>quamquam</span> <span class='ocrx_word' id='word_1_236' title='bbox 440 2112 562 2151; x_wconf 89' lang='lat' dir='ltr'>nihilo</span> <span class='ocrx_word' id='word_1_237' title='bbox 584 2112 744 2150; x_wconf 87' lang='lat' dir='ltr'>meliora</span> <span class='ocrx_word' id='word_1_238' title='bbox 774 2119 878 2161; x_wconf 87' lang='lat' dir='ltr'>sunt,</span> <span class='ocrx_word' id='word_1_239' title='bbox 904 2125 1010 2151; x_wconf 90' lang='lat' dir='ltr'>nunc</span> <span class='ocrx_word' id='word_1_240' title='bbox 1038 2113 1154 2152; x_wconf 87' lang='lat' dir='ltr'>etiam</span> <span class='ocrx_word' id='word_1_241' title='bbox 1180 2119 1298 2163; x_wconf 86' lang='lat' dir='ltr'>atque</span> 
     </span>
     <span class='ocr_line' id='line_1_34' title="bbox 170 2166 1296 2218; baseline -0.003 -11"><span class='ocrx_word' id='word_1_242' title='bbox 170 2168 288 2207; x_wconf 85' lang='lat' dir='ltr'>etiam</span> <span class='ocrx_word' id='word_1_243' title='bbox 318 2167 446 2206; x_wconf 90' lang='lat' dir='ltr'>multo</span> <span class='ocrx_word' id='word_1_244' title='bbox 474 2166 743 2218; x_wconf 61' lang='lat' dir='ltr'>desperatiora,</span> <span class='ocrx_word' id='word_1_245' title='bbox 765 2173 895 2206; x_wconf 83' lang='lat' dir='ltr'>tamen</span> <span class='ocrx_word' id='word_1_246' title='bbox 923 2166 1057 2206; x_wconf 83' lang='lat' dir='ltr'>inanes</span> <span class='ocrx_word' id='word_1_247' title='bbox 1082 2179 1163 2206; x_wconf 85' lang='lat' dir='ltr'>esse</span> <span class='ocrx_word' id='word_1_248' title='bbox 1190 2177 1296 2205; x_wconf 82' lang='lat' dir='ltr'>meas</span> 
     </span>
     <span class='ocr_line' id='line_1_35' title="bbox 171 2220 769 2274; baseline 0.002 -13"><span class='ocrx_word' id='word_1_249' title='bbox 171 2223 315 2271; x_wconf 82' lang='lat' dir='ltr'>literas,</span> <span class='ocrx_word' id='word_1_250' title='bbox 335 2234 455 2274; x_wconf 88' lang='lat' dir='ltr'>quam</span> <span class='ocrx_word' id='word_1_251' title='bbox 474 2221 616 2270; x_wconf 84' lang='lat' dir='ltr'>nullas,</span> <span class='ocrx_word' id='word_1_252' title='bbox 636 2220 769 2262; x_wconf 78' lang='lat' dir='ltr'>malui.</span> 
     </span>
    </p>
   </div>
  </div>
 </body>
</html>
