1501 2407
263 99 348 138 AD
377 100 673 142 DIVERSOS.
704 101 803 141 Lm.
835 102 910 141 VI.
944 104 1004 140 12.
1119 103 1193 141 169

75 219 222 255 runem,
235 218 408 250 nostrum
424 210 605 249 amicum.
632 209 734 258 Quae
746 211 848 248 enim
863 208 1037 258 facimus,
1047 222 1090 248 ea
1100 222 1193 261 pru-

72 261 296 305 (lentissimo
308 265 445 316 cuique
458 264 628 302 maxime
645 265 805 315 probata
819 276 897 302 esse
914 264 1101 302 volumus.
1130 263 1192 302 Te

72 315 185 367 cupio
203 319 329 357 videre
348 331 466 370 quam
486 318 669 370 primum.
699 318 810 356 Vale

281 485 297 537 (
314 483 397 535 12.)
428 484 489 523 M.
504 484 555 523 T.
571 484 616 523 C.
645 483 839 523 AMPIO
868 485 907 523 S.
921 484 975 522 D.

68 614 74 633 ς
126 592 759 645 (Argzmzwztum.——Gratulatur
788 592 835 631 de
864 593 988 631 reditu
1011 605 1078 643 per
1104 591 1189 630 Cae-

70 648 162 685 saris
190 647 330 686 amicos
357 648 585 698 impetrato;
616 647 776 698 ideoque
803 660 944 685 cessare
969 645 1190 684 consolatio-

71 713 175 749 nem,
196 715 236 740 re
264 701 442 740 confecta.
483 700 580 739 Esse
609 710 736 738 tamen
756 701 816 739 vel
844 701 1016 739 restituto
1043 699 1190 750 aliquid

70 754 284 803 ferendum,
314 755 532 807 reipublieae
554 755 824 798 calamitatem,
857 754 898 792 in
928 754 1006 806 qua
1034 755 1189 791 nullum

69 809 251 847 solatium
270 809 446 861 supersit,
466 808 539 846 nisi
558 808 661 861 quod
680 821 726 847 ex
745 808 944 847 literarum
972 807 1106 846 studiis
1125 820 1190 846 ca-

68 861 227 913 piatur.)

124 971 306 1010 Gratulor
336 972 419 1019 tibi,
450 972 506 1009 mi
536 972 673 1019 Balbe,
700 984 861 1022 vereque
895 971 1088 1022 gratulor:
1119 983 1188 1010 nec

69 1037 157 1063 sum
176 1033 255 1063 tam
275 1027 429 1074 stultus,
450 1035 494 1064 ut
512 1033 548 1064 te
567 1039 682 1063 usura
701 1025 788 1063 falsi
816 1025 947 1076 gaudii
964 1025 1041 1062 frui
1056 1025 1186 1073 velim,

69 1079 206 1118 deinde
224 1079 350 1131 frangi
368 1088 536 1131 repente,
547 1086 686 1140 'atque
695 1079 751 1116 ita
769 1079 913 1126 cadere,
940 1086 984 1117 ut
1002 1079 1111 1116 nulla
1128 1093 1186 1117 res

70 1133 120 1171 ad
140 1133 357 1185 aequitatem
376 1147 414 1172 te
439 1133 558 1171 animi
590 1133 706 1185 possit
735 1141 865 1184 postea
889 1133 1081 1170 extollere.
1109 1133 1188 1184 Egi

69 1194 178 1224 tuam
197 1200 350 1226 causam
365 1188 544 1248 apertius,
565 1200 683 1238 quam
701 1199 788 1225 mea
807 1194 978 1237 tempora
1002 1186 1186 1225 ferebant.

70 1240 308 1279 vincebatur
325 1241 428 1280 enim
447 1241 628 1279 fortuna
617 1253 701 1291 1psa
720 1240 925 1278 debilitatae
943 1241 1075 1291 gratiae
1101 1254 1188 1280 nos-

69 1301 152 1343 trae,
173 1295 230 1332 tui
241 1295 406 1343 caritate,
423 1303 461 1333 et
478 1307 564 1332 meo
582 1301 767 1345 perpetuo
782 1307 870 1354 erga
882 1301 918 1332 te
929 1307 1070 1341 amore,
1085 1295 1189 1334 culto

67 1361 92 1386 a
120 1356 159 1386 te
187 1324 486 1400 diligentissime.
528 1348 675 1387 Omnia
711 1348 909 1399 promissa,
949 1348 1185 1397 confirmata,

67 1409 169 1440 certa
186 1410 223 1441 et
240 1411 322 1441 rata
340 1411 444 1449 sunt,
465 1416 552 1454 quae
570 1402 620 1440 ad
637 1402 804 1440 reditum
824 1410 861 1439 et
879 1401 927 1439 ad
947 1402 1110 1440 salutem
1125 1410 1188 1440 tu-

67 1469 131 1494 am
143 1457 345 1508 pertinent.
376 1456 484 1506 Vidi,
497 1456 670 1507 cognovi,
686 1455 854 1494 interfui.
884 1455 1042 1493 Etenim
1055 1468 1187 1495 omnes

70 1510 230 1549 Caesaris
255 1511 460 1549 familiares
491 1511 579 1548 satis
603 1518 816 1562 opportune
832 1509 955 1547 habeo
973 1509 1187 1561 implicatos

68 1564 340 1602 consuetudine
354 1571 390 1602 et
410 1564 686 1611 benevolentia,
708 1563 774 1611 sic,
794 1570 852 1609 ut,
867 1576 954 1602 cum
968 1565 1015 1602 ab
1027 1564 1094 1601 illo
1108 1564 1187 1602 dis-

68 1619 258 1663 cesserint,
278 1631 341 1657 me
358 1618 524 1657 habeant
542 1618 777 1670 proximum.
819 1617 907 1655 Hoc
926 1617 1068 1663 Pansa,
1091 1618 1187 1655 Hir-

67 1671 158 1719 tius,
178 1673 341 1721 Balbus,
362 1672 529 1724 Oppius,
551 1672 713 1719 Matius,
735 1671 972 1718 Postumius,
999 1672 1113 1723 plane
1132 1671 1187 1710 ita

67 1726 226 1774 faciunt,
242 1733 287 1764 ut
303 1739 367 1764 me
381 1727 491 1765 unice
502 1726 676 1777 diligant.
706 1725 824 1772 Quod
838 1725 870 1763 si
881 1725 980 1762 mihi
995 1724 1103 1777 [per]
1120 1738 1185 1764 me

68 1779 307 1818 efficiendum
339 1779 487 1829 fuisset,
517 1792 595 1818 non
623 1792 688 1818 me
716 1779 914 1830 poeniteret
940 1792 1010 1830 pro
1041 1779 1188 1817 ratione

68 1840 286 1885 temporum
305 1833 359 1872 ita
376 1847 457 1872 esse
473 1834 665 1872 molitum.
697 1832 773 1871 Sed
796 1832 894 1870 nihil
919 1839 975 1870 est
993 1846 1016 1871 a
1039 1845 1103 1871 me
1125 1834 1186 1871 in-

69 1888 251 1926 servitum
270 1888 450 1939 temporis
468 1888 604 1926 causa:
630 1894 773 1926 veteres
784 1886 1186 1925 mihineeessitudines

68 1954 158 1979 cum
176 1941 236 1979 his
255 1942 433 1981 omnibus
450 1941 713 1981 intercedunt:
743 1941 974 1992 quibuscum
992 1953 1062 1992 ego
1076 1954 1188 1992 agere

70 1994 118 2033 de
136 2003 173 2033 te
190 2007 268 2033 non
286 1995 424 2034 destiti.

124 2049 343 2110 Principem
367 2058 496 2089 tamen
520 2049 727 2089 habuimus
751 2049 933 2097 Pansam,
960 2048 1019 2087 tui
1041 2048 1187 2087 studio-

70 2101 279 2151 sissimum,
299 2104 378 2142 mei
395 2104 593 2157 cupidum,
613 2104 682 2157 qui
698 2104 840 2143 valeret
857 2102 962 2155 apud
982 2103 1094 2141 illum
1109 2114 1186 2140 non

70 2157 200 2195 minus
217 2158 452 2206 auctoritate,
473 2172 591 2212 quam
608 2157 744 2212 gratia.
773 2157 931 2199 Cimber
952 2163 1082 2197 autem
1101 2156 1187 2195 Til-

125 2210 293 2263 (Epist.)
316 2223 472 2252 voL.1.
888 2222 919 2253 Q
