1481 2422
352 71 437 112 AD
466 70 767 112 DIVERSOS.
799 70 901 109 Lm.
931 69 985 108 X.
1016 70 1054 108 4.
1199 66 1280 105 283

146 181 295 221 nemini
311 181 598 228 eonoedentem‚
611 181 681 233 qui
698 181 770 219 tibi
784 187 973 219 vetustate
990 175 1280 217 necessitudinis

145 236 272 288 potior
287 236 408 288 possit
424 243 522 283 aese)
538 236 570 274 si
588 235 734 282 audies,
748 247 905 274 omnem
924 233 996 272 tibi
1014 232 1173 284 reliquae
1191 229 1280 270 vitae

143 290 373 342 dignitatem
392 303 441 329 ex
458 290 606 343 optimo
623 289 846 342 reipublieae
864 296 966 327 statu
985 287 1170 339 acquires.

198 345 282 384 Scis
300 344 483 397 profecto,
505 345 622 389 (nihil
647 345 752 384 enim
771 352 808 382 te
826 344 960 395 fugere
984 341 1128 395 potuit)
1159 338 1280 379 fuisse

142 399 342 451 quoddam
361 407 530 452 tempus,
550 413 642 438 cum
660 399 836 438 homines
855 398 1133 443 existimarent,
1155 403 1193 433 te
1219 393 1280 431 ni-

143 454 219 493 mis
237 455 379 493 servire
396 455 660 506 temporibus;
691 453 797 506 quod
817 466 888 504 ego
907 464 1063 504 quoque
1081 449 1279 489 existima-

142 521 242 556 rem,
263 516 301 548 te
319 510 352 548 si
370 522 428 557 ea,
460 523 549 561 quae
571 508 781 560 patiebare,
801 509 962 559 probare
982 506 1099 544 etiam
1118 503 1279 542 arbitra-

143 576 216 602 rer.
243 563 335 612 Sed,
355 576 446 603 cum
465 563 734 616 intelligerem,
756 562 853 615 quid
870 561 1042 609 sentires,
1059 567 1096 599 te
1118 558 1280 598 arbitra-

143 619 214 657 bar
232 618 361 657 videre
380 618 476 671 quid
494 631 636 670 posses.
670 618 711 656 N
714 630 791 657 unc
802 617 878 656 alia
891 615 988 655 ratio
1000 624 1076 655 est:
1098 612 1279 654 omnium

141 685 277 712 rerum
296 680 411 712 tuum
426 673 619 723 judicium
638 679 708 721 est,
728 672 847 724 idque
865 671 1045 710 liberum.

199 727 349 767 Consul
366 741 406 767 os
424 727 661 779 designatus,
693 726 842 779 optima
870 733 995 773 aetate,
1026 722 1183 764 summa
1202 722 1280 761 elo-

143 782 319 835 quentia,
334 782 511 822 maxima
523 782 685 822 orbitate
700 780 920 833 reipublicae
935 780 1106 819 virorum
1125 778 1278 817 talium.

145 838 338 877 Incumbe
353 841 438 890 (per
450 837 556 876 Deos
573 836 828 883 immortales)
843 836 884 873 in
903 848 990 874 eam
1008 846 1142 873 curam
1162 840 1199 871 et
1217 844 1280 871 co·

141 891 386 944 gitationem,
407 905 496 944 quae
514 892 586 931 tibi
599 904 797 931 summam
816 890 1045 942 dignitatem
1060 896 1098 928 et
1115 887 1280 940 gloriam

143 946 290 986 afferat.
322 947 436 986 Unus
455 954 588 986 autern
606 954 676 993 est,
691 946 765 985 hoc
780 944 991 997 praesertim
1004 951 1192 995 tempore,
1211 954 1281 994 per

143 1008 200 1041 tot
232 1014 354 1040 annos
386 1001 585 1054 republica
616 1001 812 1049 divexata,
841 998 1060 1052 [republica
1087 999 1185 1036 bene
1213 1008 1282 1049 ge-

143 1056 285 1109 renda]
307 1069 440 1096 cursus
460 1056 509 1095 ad
527 1055 705 1108 gloriam.

201 1110 315 1159 Haec,
335 1124 466 1150 amore
484 1111 609 1163 magis
627 1109 835 1162 impulsus,
863 1107 1064 1148 scribenda
1081 1107 1131 1147 ad
1150 1116 1188 1146 te
1206 1119 1281 1159 pu-

145 1165 238 1213 tavi,
266 1179 387 1218 quam
420 1179 499 1218 quo
528 1165 733 1204 arbitrarer
759 1173 796 1204 te
825 1164 983 1203 monitis
1015 1170 1053 1201 et
1081 1161 1282 1215 praeceptis

144 1233 267 1272 egere.
296 1220 473 1260 Sciebam
493 1220 612 1269 enim,
641 1233 690 1258 ex
709 1219 845 1258 iisdem
865 1227 904 1257 te
921 1218 1004 1258 haec
1021 1217 1176 1256 haurire
1194 1217 1282 1255 fon-

143 1275 261 1324 tibus,
282 1288 331 1314 ex
351 1275 493 1327 quibus
518 1275 600 1327 ipse
627 1274 845 1313 hauseram.
888 1272 1022 1322 Quare
1040 1273 1204 1311 modum
1223 1271 1282 1310 fa-

143 1330 256 1369 ciam.
287 1330 328 1368 N
332 1342 408 1369 unc
441 1337 595 1368 tantum
624 1327 923 1380 significandum
951 1327 1113 1380 putavi;
1145 1334 1190 1365 ut
1212 1339 1282 1378 po-

146 1384 224 1424 tius
249 1397 421 1423 amorem
440 1384 512 1423 tibi
531 1383 773 1422 ostenderem
793 1395 942 1430 meum,
969 1394 1090 1434 quam
1112 1390 1281 1421 ostenta-

143 1452 228 1478 rem
249 1438 509 1492 prudentiam.
541 1439 704 1482 Interea,
735 1451 824 1490 quae
851 1437 902 1476 ad
922 1437 1149 1488 dignitatem
1169 1444 1279 1475 tuam

143 1494 335 1588 pegltinere
364 1494 592 1544 arbitrabor,
622 1492 792 1533 studiose
816 1491 1098 1545 diligenterque
1119 1492 1273 1531 curabo.

146 1550 188 1592 V
228 1562 261 1590 e.

359 1715 448 1764 (4.)
477 1713 744 1756 PLANCUS
772 1713 1072 1755 CICERONI.

204 1823 534 1874 (Argumentum.
550 1847 605 1853 —
620 1824 776 1864 Gratias
797 1824 878 1876 agit
896 1823 1086 1874 Ciceroni,
1117 1823 1224 1876 quod
1242 1836 1282 1863 se

145 1877 199 1916 ad
210 1877 418 1917 verissimae
435 1877 569 1930 gloriae
580 1879 753 1918 studium
766 1879 815 1918 sit
833 1879 1082 1926 adhortams3
1103 1892 1221 1931 seque
1239 1878 1282 1917 in

148 1932 370 1985 reipublicae
387 1940 574 1984 potestate
592 1933 675 1973 fore
691 1933 927 1986 pollicetur.)

207 2041 448 2081 Gratissimae
465 2041 564 2081 mihi
583 2050 660 2082 tuae
676 2043 799 2083 h‘terae
816 2043 989 2093 fuerunt,
1006 2057 1102 2098 quas
1121 2056 1170 2083 ex
1183 2042 1284 2089 Fur-

150 2096 206 2135 nii
236 2109 411 2136 sermone
440 2105 479 2136 te
511 2097 705 2150 scripsisse
736 2098 1004 2138 animadverti.
1032 2099 1122 2151 Ego
1151 2106 1283 2136 autem

150 2151 334 2204 praeteriti
352 2151 536 2204 temporis
554 2153 842 2192 excusationem
859 2153 992 2203 affero,
1011 2153 1117 2207 quod
1136 2160 1173 2191 te
1195 2165 1285 2204 pro-

151 2206 296 2247 fectum
316 2206 515 2247 audieram
532 2221 543 2246 ε
566 2219 636 2248 nec
649 2208 775 2248 multo
789 2215 878 2249 ante
890 2209 1032 2250 redisse
1045 2208 1151 2257 scivi,
1164 2220 1284 2261 quam
