1481 2422
196 98 275 136 264
386 95 468 134 AD
497 94 797 135 DIVERSOS.
827 96 928 135 Lm.
960 95 1038 135 IX.
1072 96 1134 134 16.

191 218 330 252 seram,
351 212 396 243 ut
414 217 570 257 quoquo
600 203 729 253 modo,
749 204 791 242 in
815 205 884 243 tali
913 217 954 243 re
983 212 1100 256 atque
1129 211 1313 255 tempore,

190 267 257 297 aut
276 259 479 298 liberarem
503 268 540 297 te
569 258 643 296 ista
670 259 776 306 cura,
796 266 863 297 aut
892 265 992 297 certe
1012 260 1191 296 levarem.
1223 258 1314 304 Sed,

192 326 282 351 cum
310 313 497 364 proximis
527 326 682 374 quoque
710 312 829 351 literis
854 313 1035 360 ostendis,
1066 320 1222 364 quantae
1245 312 1318 350 tibi

191 380 292 405 curae
325 367 373 405 sit
405 381 449 406 ea
481 381 565 411 res;
596 367 662 411 sic,
692 367 748 404 mi
782 368 900 415 Paete,
933 367 1096 406 habeto.
1127 366 1318 418 quidquid

191 430 272 459 arte
296 420 379 459 fieri
408 422 548 474 poterit
583 423 679 472 (non
712 421 816 459 enim
845 423 928 471 jam
958 421 1047 459 satis
1077 428 1134 459 est
1162 420 1319 459 consilio

191 488 388 526 pugnare:
421 475 626 513 artificium
639 475 836 527 quoddam
854 475 1150 536 excogitandum
1165 472 1238 524 est)
1253 473 1319 512 sed

192 536 323 567 tamen
343 529 535 580 quidquid
564 530 750 568 elaborari
769 536 837 567 aut
862 529 958 568 effici
976 528 1144 580 potuerit
1161 528 1210 567 ad
1228 529 1320 567 isto-

193 596 282 621 rum
318 583 624 622 benevolentiam
665 583 942 621 conciliandam
975 592 1013 622 et
1049 582 1320 634 colligendam..

195 650 350 676 summo
369 637 496 676 studio
515 650 580 675 me
598 644 845 675 consecutum
865 650 968 682 esse;
998 649 1068 675 nec
1091 637 1248 680 frustra,
1276 644 1322 674 ut

195 692 369 730 arbitror.
412 691 475 729 Sic
506 691 608 730 enim
637 691 752 738 color,
781 691 834 730 sic
863 692 1053 738 observor,
1074 692 1122 729 ab
1141 690 1322 729 omnibus

196 745 256 783 his
275 745 343 797 qui
361 759 384 783 a
404 745 554 783 Caesare
573 744 801 796 diliguntur,
822 753 867 783 ut
881 747 930 783 ab
948 745 1009 784 his
1026 758 1090 783 me
1109 744 1231 782 amari
1247 758 1322 797 pu-

196 806 288 837 tem.
320 799 441 846 Nam,
463 799 532 837 etsi
554 811 631 837 non
650 799 762 837 facile
781 799 1013 848 dijudicatur
1031 812 1139 837 amor
1157 811 1268 837 verus
1286 806 1324 837 et

197 853 323 900 fictus,
339 853 413 892 nisi
427 852 584 904 aliquod
595 853 739 891 incidat
750 853 940 903 ejusmodi
952 861 1120 905 tempus,
1135 860 1194 901 ut,
1215 853 1326 904 quasi

198 920 338 945 aurum
357 907 453 958 igni,
487 908 540 945 sic
564 907 828 946 benevolentia
846 907 969 946 fidelis
993 907 1163 959 periculo
1194 907 1327 959 aliquo

197 961 360 1013 perspici
377 961 523 1013 possit;
553 970 688 1000 caetera
721 969 811 999 sunt
841 962 952 1013 signa
980 961 1228 1000 communia:
1259 961 1327 999 sed

198 1028 269 1067 ego
289 1028 367 1054 uno
396 1023 483 1053 utor
502 1025 745 1066 argumento,
767 1018 1019 1067 quamobrem
1038 1028 1103 1054 me
1127 1029 1175 1054 ex
1195 1015 1326 1053 animo

199 1083 363 1120 vereque
389 1070 548 1108 arbitrer
566 1070 689 1120 diligi,
710 1070 802 1121 quia
820 1078 857 1108 et
875 1077 1004 1108 nostra
1021 1069 1176 1108 fortuna
1194 1083 1239 1108 ea
1256 1077 1326 1116 ast,

200 1131 239 1162 et
256 1124 427 1171 illorum,
449 1132 493 1162 ut
512 1124 720 1162 simulandi
739 1137 853 1163 causa
870 1137 949 1163 non
968 1124 1028 1162 sit.

256 1178 320 1216 De
344 1178 412 1216 illo
439 1186 585 1225 autem,
611 1192 728 1230 quem
760 1191 876 1230 penes
906 1185 963 1217 oet
991 1178 1118 1217 omnis
1146 1185 1328 1230 potestas,

202 1233 301 1272 nihil
313 1232 436 1280 video,
457 1233 562 1294 quod
581 1232 765 1278 timeam3
796 1233 872 1271 nisi
890 1232 995 1285 quod
1014 1232 1144 1271 omnia
1162 1240 1253 1271 sunt
1270 1233 1331 1270 in-

204 1295 319 1334 certa,
340 1300 431 1325 cum
450 1300 473 1324 a
488 1288 574 1336 jure
593 1287 800 1325 discessum
823 1294 903 1326 est·
934 1299 1004 1325 nec
1031 1287 1204 1338 praestari
1217 1286 1333 1338 quid-

203 1354 324 1393 quam
337 1348 475 1392 potest‚
497 1341 611 1392 quale
629 1340 805 1380 futurum
825 1341 887 1388 sit,
909 1341 1013 1392 quod
1031 1341 1201 1393 positum
1216 1348 1272 1379 αεὶ
1290 1341 1332 1378 in

205 1395 361 1434 alterius
390 1395 601 1442 voluntate,
635 1407 684 1433 ne
714 1395 853 1441 dicam,
884 1395 1054 1434 libidine.
1094 1395 1170 1434 Sed
1201 1401 1333 1433 tamen

206 1450 289 1499 ejus
307 1448 427 1500 ipsius
457 1449 566 1487 nulla
584 1462 626 1487 re
645 1462 668 1487 a
685 1462 750 1487 me
775 1450 940 1488 offensus
970 1458 1026 1488 est
1055 1449 1219 1487 animus.
1261 1448 1335 1487 Est

206 1503 312 1541 enim
331 1502 505 1541 adhibita
530 1503 570 1540 in
591 1503 636 1541 ea
655 1516 695 1541 re
714 1504 797 1555 ipsa
818 1516 972 1542 summa
990 1517 1014 1541 a
1030 1502 1141 1541 nobis
1158 1502 1336 1541 modera-

205 1557 271 1595 tio.
302 1557 360 1596 Ut
372 1557 475 1595 enim
489 1557 582 1595 olim
598 1557 824 1605 arbitrabar,
841 1571 920 1596 esse
931 1570 1065 1596 meum
1078 1557 1197 1595 libere
1209 1556 1333 1609 loqui,

206 1612 318 1661 cujus
350 1612 466 1662 opera
495 1619 591 1649 esset
609 1610 650 1649 in
677 1612 829 1650 civitate
851 1612 1032 1656 libertas3
1063 1613 1129 1658 sic,
1164 1609 1207 1649 ea
1231 1623 1337 1649 nunc

206 1664 360 1713 amissa,
395 1665 496 1703 nihil
524 1665 647 1717 loqui,
675 1666 781 1717 quod
811 1666 980 1704 offendat
1011 1673 1080 1704 aut
1114 1665 1234 1712 iuius,
1267 1672 1337 1703 aut

207 1732 344 1758 eorum
363 1719 431 1770 qui
451 1721 499 1758 ab
519 1719 587 1758 ino
606 1719 836 1771 diliguntur,
856 1720 1106 1758 voluntatem.
1149 1719 1337 1770 Effugere

207 1781 339 1811 autem
359 1773 390 1810 si
410 1774 549 1812 vellem
569 1775 846 1812 nonnullorum
865 1781 976 1813 acute
994 1781 1061 1812 aut
1079 1774 1200 1812 facete
1217 1773 1338 1812 dicto-

207 1840 297 1865 rum
316 1826 578 1875 offensionem,
592 1828 697 1866 fama
715 1828 860 1880 ingenii
874 1828 972 1866 mihi
990 1836 1087 1866 esset
1100 1827 1334 1877 abjicienda;

208 1881 315 1932 quod
344 1881 376 1919 si
408 1894 574 1932 possem,
607 1894 685 1920 non
719 1895 944 1921 recusarem.
988 1881 1064 1920 Sed
1094 1890 1223 1920 tamen
1253 1881 1336 1932 ipse

209 1938 340 1974 Caesar
357 1935 475 1974 habet
492 1949 644 1986 peracre
660 1936 874 1985 judicium:
907 1944 958 1983 et,
973 1944 1017 1974 ut
1032 1936 1199 1982 Servius,
1221 1935 1338 1973 frater

210 1999 316 2038 tuus,
333 1989 470 2040 (quem
489 1990 792 2028 literatissimum
810 1991 929 2030 fuisse
937 1990 1086 2040 judico)
1106 1989 1218 2028 facile
1236 1989 1339 2028 dice-

210 2051 284 2089 ret,
316 2046 344 2065 “
367 2043 447 2082 Hic
470 2057 600 2083 versus
629 2045 761 2083 Plauti
790 2057 867 2084 non
902 2052 983 2088 est:
1013 2044 1076 2083 hic
1106 2044 1205 2091 est‚''
1234 2043 1340 2095 quod

212 2097 322 2136 tritas
342 2111 452 2136 aures
471 2099 628 2137 haberet
647 2099 823 2137 notandis
842 2100 1044 2150 generibus
1062 2099 1280 2150 poetarum,
1302 2105 1341 2136 et

215 2152 490 2190 consuetudine
508 2153 686 2204 legendi3
717 2153 769 2191 sic
792 2154 907 2192 audio
926 2153 1132 2199 Caesarem,
1158 2164 1248 2190 cum
1274 2164 1341 2189 vo-

212 2205 368 2251 lumina
385 2207 467 2256 jam
489 2206 688 2245 confecerit
709 2206 1014 2257 απεφθεγματων,
1035 2206 1066 2245 si
1085 2206 1189 2258 quod
1209 2205 1343 2244 affera-
