1501 2407
340 94 424 133 AD
453 92 751 134 DIVERSOS.
784 93 884 132 Lm.
915 94 998 133 ΙΙΙ.
1030 95 1066 132 8.
1216 98 1264 141 71

141 213 218 250 rer,
241 210 287 241 ut
305 215 376 254 ego
395 215 550 254 quoque
568 204 704 241 absens
722 216 746 241 3
765 210 802 241 te
829 202 1092 242 defendendus
1120 216 1268 250 0050111ς

143 268 247 295 nunc
265 258 557 303 committerem,
577 266 621 295 ut
642 264 684 294 tu
705 258 794 306 jure
821 257 968 308 optimo
989 269 1054 295 me
1072 259 1269 298 absentem

141 310 311 349 deserere
329 311 486 362 posses?
526 311 664 349 Unum
688 324 810 362 genus
836 311 985 362 excipio
1011 313 1208 359 sermonis,
1229 314 1268 351 in

138 377 220 415 quo
237 378 404 416 persaepe
422 365 570 416 aliquid
588 365 741 411 dicitur,
763 365 867 416 quod
886 373 923 403 te
937 373 1071 416 putem
1091 367 1194 405 nolle
1211 367 1271 405 di-

139 418 175 457 ci
192 433 202 456 ε
234 419 265 457 51
283 428 351 458 aut
367 420 583 469 legatorum
604 427 760 457 tuorum
780 419 964 470 cuipiam,
984 428 1052 457 aut
1070 421 1270 471 praefecto-

139 485 244 521 rum,
271 482 339 511 aut
371 474 614 511 tribunorum
633 473 819 521 militum,
849 474 951 511 male
969 473 1132 512 dicitur:
1164 476 1270 526 quod

140 533 270 565 tamen
289 527 419 578 ipsum
437 539 515 565 non
536 527 789 579 (mehercule)
816 527 943 565 adhuc
961 528 1097 566 accidit
1114 541 1179 567 me
1198 543 1268 568 au-

137 580 282 629 diente,
303 589 346 619 ut
365 590 432 620 aut
449 583 604 632 gravius
623 581 824 629 diceretur,
844 588 912 620 aut
930 581 971 619 in
992 582 1134 633 plures,
1148 597 1269 634 quam

139 646 293 674 mecum
313 635 489 688 Corcyrae
502 635 664 674 Clodius
684 643 740 674 est
764 635 940 673 locutus·
929 664 941 681 ‚
971 648 1061 674 cum
1081 636 1121 674 in
1141 650 1185 675 eo
1203 652 1270 700 ge..

138 701 228 728 nere
246 690 418 728 maxime
436 698 672 741 quereretur,
693 701 730 728 te
748 689 913 728 aliorum
931 689 1176 741 improbitate
1194 693 1270 730 mi-

139 754 213 782 nus
232 743 382 782 felicem
400 744 527 783 fuisse.
558 743 644 782 Hos
662 757 733 795 ego
749 756 955 793 sermones,
972 744 1077 795 quod
1096 752 1134 783 et
1151 747 1268 784 multi

137 806 243 845 sunt,
265 806 302 836 et
319 806 429 837 tuam
449 798 771 836 existimationem
792 801 853 841 (ut
872 811 942 849 ego
962 798 1099 846 sentio)
1119 811 1197 837 non
1211 801 1270 838 of..

137 851 315 913 fendunt,
335 852 507 891 lacessivi
524 864 741 903 nunquam,
759 852 824 890 sed
843 864 920 890 non
940 852 1050 890 valde
1068 854 1240 904 repressi.

192 906 234 945 Si
246 906 332 957 quis
345 914 413 954 est,
426 907 494 958 qui
505 907 701 945 neminem
711 906 814 944 bona
827 905 932 943 fide
921 918 962 943 m
978 907 1143 957 gratiam
1154 917 1266 959 putet

137 959 260 998 redire
278 974 414 1012 posse3
446 973 524 998 non
543 967 713 998 nostram
731 960 764 998 is
781 959 981 1011 perfidiam
1001 962 1187 1012 coarguit,
1202 964 1269 1002 sed

136 1013 279 1059 indicat
307 1028 446 1053 suam:
478 1015 671 1066 simulque
690 1027 768 1052 non
787 1013 834 1052 de
853 1026 916 1052 me
934 1014 967 1052 is
991 1016 1116 1065 pejus,
1147 1030 1266 1068 quam

136 1068 185 1106 de
204 1076 254 1116 te,
275 1069 480 1107 existimat.
525 1069 595 1107 Sin
621 1075 752 1106 autem
780 1080 898 1119 quem
927 1081 1014 1106 mea
1031 1069 1206 1109 instituta
1224 1072 1265 1109 in

135 1121 330 1184 provincia
355 1135 433 1161 non
456 1122 659 1171 delectant,
692 1130 730 1161 et
759 1122 929 1174 quadam
955 1122 1267 1164 dissimilitudine

135 1177 400 1215 institutorum
419 1189 594 1215 meorum
614 1190 658 1214 ac
677 1186 833 1214 tuorum
852 1176 941 1213 laedi
960 1190 999 1214 se
1020 1185 1146 1228 putat,
1175 1192 1266 1218 011111

136 1238 298 1283 uterque
323 1234 497 1269 nostrum
516 1240 616 1269 recte
634 1230 777 1278 fecerit,
799 1230 864 1268 sed
882 1242 960 1267 non
979 1230 1083 1268 idem
1102 1240 1265 1285 uterque

133 1297 286 1324 secutus
300 1285 379 1334 sit;
409 1285 513 1323 hunc
533 1298 602 1336 ego
621 1284 791 1322 amicum
810 1284 950 1322 habere
968 1296 1045 1322 non
1061 1298 1163 1324 curo.
1193 1287 1265 1325 Li-

133 1330 314 1378 beralitas
333 1348 415 1388 tua,
435 1347 479 1377 ut
498 1339 666 1377 hominis
685 1338 927 1386 nobilissimi,
958 1338 1075 1377 latius
1104 1340 1145 1378 in
1174 1355 1263 1392 pro-

135 1393 260 1432 vincia
279 1394 416 1445 patuit.
460 1393 605 1432 Nostra
624 1392 656 1431 si
673 1392 885 1444 angustior,
916 1392 1003 1435 (etsi
1022 1393 1069 1432 de
1087 1394 1156 1432 tua
1174 1409 1264 1447 pro-

133 1447 216 1486 lixa
234 1448 481 1500 beneficaque
500 1446 639 1485 natura
656 1446 807 1484 limavit
825 1446 973 1498 aliquid
990 1449 1175 1498 posterior
1193 1464 1263 1489 an-

133 1514 221 1549 nus,
260 1510 416 1554 propter
448 1501 660 1553 quamdam
690 1500 884 1539 tristitiam
914 1507 1151 1566 temporum)
1184 1516 1262 1543 non

132 1556 273 1595 debent
305 1556 437 1594 mirari
466 1556 655 1603 homines,
686 1557 794 1599 (cum
822 1563 859 1593 et
886 1555 1025 1593 natura
1044 1569 1194 1608 semper
1212 1560 1262 1597 ad

132 1610 376 1662 largiendum
395 1623 445 1649 ex
462 1610 587 1649 alieno
613 1609 756 1648 fuerim
778 1608 996 1657 restrictior,
1025 1618 1061 1648 et
1079 1613 1262 1663 tempori..

133 1666 220 1713 bus,
240 1665 382 1716 quibus
401 1664 468 1703 alii
486 1672 703 1713 moventur,
723 1663 859 1702 iisdem
878 1674 948 1714 ego
962 1671 1135 1713 movear)
1157 1669 1185 1688 ‘⁶
1197 1679 1262 1706 me

133 1731 214 1758 esse
232 1721 412 1758 acerbum
433 1718 519 1767 sibi,
539 1726 585 1756 ut
603 1718 676 1756 sim
695 1717 819 1756 dulcis
837 1717 976 1755 mihi.'’

187 1773 251 1812 De
269 1775 383 1812 rebus
400 1772 556 1811 urbanis
575 1772 681 1824 quod
698 1784 763 1810 me
781 1771 979 1811 certiorem
1003 1771 1138 1822 fecisti,
1170 1787 1261 1814 cum

131 1840 200 1879 per
217 1840 257 1866 se
274 1827 373 1866 mihi
391 1834 546 1878 gratum
570 1826 661 1874 fuit,
692 1833 778 1865 tum
803 1825 908 1877 quod
926 1825 1162 1877 significasti,
1191 1830 1263 1868 tibi

132 1881 263 1920 omnia
277 1894 365 1920 mea
376 1881 561 1926 mandata
572 1893 672 1919 curae
685 1880 777 1919 fore.
808 1881 858 1918 ln
870 1880 1011 1931 quibus
1024 1893 1149 1920 unum
1161 1883 1261 1922 illud

132 1944 171 1974 te
175 1936 380 1997 ‘praecipue
398 1948 506 1986 rogo,
526 1942 571 1973 ut
585 1948 706 1983 cures,
725 1948 775 1973 ne
789 1934 884 1986 quid
894 1934 994 1972 mihi
1007 1935 1067 1973 ad
1074 1935 1148 1975 hoc
1163 1949 1259 1989 neg-

132 1989 201 2028 otii
219 1997 288 2028 aut
305 1989 430 2028 oneris
447 1989 614 2037 accedat,
645 1998 714 2028 aut
745 1988 952 2040 temporis:
984 1989 1260 2030 Hortensium-

133 2057 225 2096 que,
255 2051 430 2083 nostrum
448 2044 634 2095 collegam
662 2050 699 2082 et
716 2043 961 2090 familiarem,
990 2055 1113 2095 rogos,
1143 2052 1202 2093 ut,
1226 2046 1259 2084 si
1305 2048 1310 2050 '

131 2110 308 2150 unquam
326 2097 414 2136 11103
431 2098 548 2137 031153
564 2097 780 2150 quidquam
794 2105 862 2136 aut
876 2096 992 2135 sensit
1008 2105 1076 2136 aut
1094 2098 1197 2147 fecit,
1210 2100 1260 2138 de

132 2152 206 2190 hac
224 2164 378 2204 quoque
396 2151 584 2191 sententia
601 2151 709 2192 1111113
726 2151 909 2197 decedat;
939 2151 1018 2203 qua
1035 2152 1135 2191 mihi
1158 2153 1259 2196 nihil

133 2213 258 2258 potest
276 2219 354 2246 esse
372 2205 575 2246 inimicius.
