1501 2407
204 95 281 134 136
302 138 309 144 ,
409 93 823 136 ADDIVERSOS.
853 94 955 134 L113.
974 94 1040 135 V.*
1061 94 1125 134 16.
1142 100 1150 108 ”

202 203 244 242 in
263 212 436 244 mentem
455 205 614 258 quidem
632 205 744 245 nobis
762 204 941 247 veniebat
972 209 1128 256 propter
1146 201 1339 256 quotidia-

202 270 272 297 nos
291 268 432 308 metus,
454 273 569 299 omne
588 268 742 312 tempus
760 275 841 300 una
859 260 1091 304 fuissemus;
1121 270 1249 309 neque
1273 269 1338 295 me

202 314 382 353 valetudo
397 324 464 353 tua
476 315 643 354 offender
646 324 683 353 et
685 328 838 368 ‚neque
854 323 891 352 te
906 326 1044 352 moeror
1056 325 1179 351 meus.
1199 310 1334 360 Quod,

206 376 400 419 quantum
419 369 467 406 fi„
448 369 501 407 eri
520 370 673 421 poterit,
695 382 987 422 consequamur.
1027 367 1138 415 Quid
1156 366 1261 405 enim
1281 372 1337 403 est

203 423 361 516 ztgilque
374 427 548 463 nostrum
561 424 723 476 aptius?
754 423 985 477 Propediem
999 430 1038 461 te
1050 421 1171 474 igitur
1185 419 1335 460 videbo.

289 490 321 516 e.

317 640 435 691 (16.)
465 639 529 678 M.
546 640 597 678 Τ.
630 639 846 680 CICERO
875 641 915 680 S.
930 640 984 679 D.
1013 639 1197 681 TITIO.

260 749 587 798 (Argumentum.
601 750 888 788 —Consolatur
921 750 1123 801 diligenter
1151 749 1337 799 amicum,

203 803 355 841 obitum
372 804 582 842 liberorum
601 804 892 843 immoderatius
910 805 1128 852 ferentem.)

256 911 343 951 Etsi
371 925 473 951 unus
504 926 552 952 ex
580 913 760 952 omnibus
778 912 941 951 minime
969 925 1057 952 sum
1076 912 1126 951 ad
1144 920 1183 952 te
1201 925 1334 953 conso·

200 966 365 1005 landum
384 968 708 1016 accommodatus,
730 968 835 1019 quod
851 976 1003 1006 tantum
1024 981 1072 1006 ex
1089 968 1167 1007 tuis
1193 969 1335 1007 moles-

200 1020 263 1059 tiis
282 1022 365 1073 cepi
383 1021 538 1071 doloris,
555 1031 599 1060 ut
618 1023 874 1061 consolatione
891 1022 974 1074 ipse
989 1035 1167 1074 egerem3
1188 1030 1334 1073 tamen,

201 1088 293 1113 cum
312 1076 465 1126 longius
491 1090 514 1114 a
533 1077 676 1115 summi
695 1077 820 1116 luctus
839 1077 1043 1116 acerbitate
1061 1089 1170 1116 meus
1189 1079 1336 1116 abesset

201 1129 324 1179 dolor,
351 1144 471 1182 quam
492 1140 596 1180 tuus,
625 1132 742 1170 statui
761 1140 899 1170 nostrae
926 1131 1216 1170 necessitudinis
1239 1145 1334 1181 esse,

200 1197 376 1237 meaeque
395 1186 436 1223 in
461 1194 499 1224 te
527 1186 815 1235 benevolentiae,
836 1198 914 1224 non
942 1193 1065 1225 tacere
1083 1193 1190 1225 tanto
1208 1186 1250 1224 in
1268 1194 1338 1226 tuo

200 1251 361 1278 moerore
381 1240 545 1287 tamdiu,
567 1241 634 1279 sed
653 1240 835 1279 adhibere
849 1240 1020 1292 aliquam
1031 1240 1225 1279 modicam
1245 1253 1339 1280 con-

201 1294 443 1342 solationem,
465 1309 553 1346 quae
571 1295 697 1334 levare
716 1295 888 1334 dolorem
916 1302 1030 1333 tuum
1048 1304 1190 1347 posset,
1212 1295 1245 1333 si
1263 1296 1338 1334 mi-

200 1360 275 1386 nus
290 1361 424 1387 sanare
435 1350 632 1401 potuisset.
662 1350 736 1388 Est
749 1357 879 1388 autem
891 1349 1100 1388 consolatio
1111 1350 1339 1401 pervulgata

201 1403 360 1454 quidem
379 1403 448 1442 illa
465 1405 652 1453 maxime,
673 1417 793 1456 quam
822 1416 973 1456 semper
999 1404 1040 1441 in
1069 1417 1134 1442 ore
1161 1412 1278 1456 atque
1296 1404 1338 1443 in

201 1457 332 1496 animo
350 1458 491 1497 habere
510 1459 710 1506 debemus,
730 1458 908 1497 homines
926 1470 996 1496 nos
1024 1465 1071 1496 ut
1089 1471 1170 1497 esse
1197 1459 1339 1497 meini-

201 1512 387 1560 nerimus,
404 1514 448 1551 ea
462 1513 547 1565 lege
566 1522 688 1562 natos,
709 1521 754 1551 ut
769 1513 950 1551 omnibus
963 1512 1050 1551 telis
1063 1513 1231 1552 fortunae
1248 1526 1339 1566 pro·

200 1567 327 1627 posita
345 1567 393 1605 sit
412 1567 491 1606 vita
510 1575 664 1613 nostra;
694 1580 823 1619 neque
838 1580 922 1606 esse
945 1567 1218 1617 recusandum,
1238 1580 1338 1620 quo-

200 1620 332 1659 minus
366 1634 425 1669 ea,
464 1636 544 1673 qua
580 1621 662 1660 nati
699 1634 848 1669 sumus,
880 1621 1097 1660 conditione
1133 1622 1336 1662 vivamus·
1322 1651 1337 1670 ‚

199 1686 297 1714 neve
316 1683 396 1714 tam
415 1676 581 1727 graviter
599 1689 662 1714 eos
677 1688 786 1715 casus
804 1676 988 1723 feramus,
1009 1688 1108 1728 quos
1124 1676 1234 1715 nullo
1245 1689 1337 1716 oon-

200 1729 287 1768 silio
311 1730 430 1768 vitare
459 1731 676 1782 possimus,
665 1744 675 1754 ·
707 1730 930 1782 eventisque
955 1731 1121 1769 aliorum
1146 1732 1338 1771 memoria

200 1784 431 1836 repetendis,
452 1785 551 1823 nihil
565 1785 744 1824 accidisse
762 1784 873 1824 nobis
892 1785 982 1823 novi
1000 1785 1225 1837 cogitemus.
1323 1791 1327 1795 '

255 1839 403 1900 Neque
416 1839 490 1888 hae,
505 1851 637 1900 neque
666 1847 812 1877 caeterae
830 1839 1119 1888 consolationes,
1139 1853 1229 1892 quae
1246 1847 1339 1879 sunt

201 1906 226 1931 a
243 1893 534 1944 sapientissimis
554 1894 644 1931 viris
668 1900 878 1945 usurpatae,
909 1894 1184 1947 memoriaeque
1215 1895 1336 1934 literis

198 1947 375 1999 proditae,
397 1956 550 1986 tantum
569 1947 749 1986 videntur
766 1947 949 2000 proficere
968 1948 1119 1997 debere,
1141 1957 1335 2000 quantum

200 2008 322 2040 status
340 2002 422 2053 ipse
441 2009 580 2041 nostrae
599 2002 775 2049 civitatis
792 2010 830 2040 et
840 2001 922 2040 haec
935 2003 1099 2054 prolatio
1118 2011 1338 2056 temporum

200 2056 466 2108 perditorum3
498 2069 588 2096 cum
622 2056 832 2095 beatissimi
862 2056 952 2104 sint,
980 2057 1050 2110 qui
1085 2057 1226 2097 liberos
1258 2070 1337 2096 non

201 2119 475 2163 susceperunt;
504 2110 635 2150 minus
662 2118 794 2150 autem
812 2111 958 2160 miseri,
986 2112 1055 2164 qui
1073 2111 1134 2150 his
1153 2112 1337 2164 tempori-

199 2166 273 2204 bus
291 2165 517 2212 amiserunt,
543 2178 664 2217 quam
684 2165 716 2203 si
742 2165 893 2205 eosdem
924 2167 1042 2216 bona,
1071 2174 1141 2206 aut
1167 2165 1337 2219 denique

200 2218 348 2272 aliqua,
362 2219 559 2273 republica
579 2219 844 2272 perdidissent.
