1501 2407
329 79 412 120 AD
440 78 736 120 DIVERSOS.
765 80 868 119 Lm.
894 80 969 120 IV,
1001 84 1037 119 5.
1190 83 1242 120 95

128 188 187 229 rio
213 196 394 240 praeterea
411 197 518 228 tanta
538 188 750 228 deminutio
767 188 868 228 facta
886 197 962 228 est:
993 201 1126 227 omnes
1153 203 1242 241 pro-

125 243 259 282 vinciae
281 251 540 295 oenquassatae
564 250 678 281 sunt:
707 243 748 281 in
766 244 882 282 unius
904 243 1140 282 mulierculae
1157 245 1241 283 ani-

124 297 235 336 mula
253 298 285 336 si
307 298 458 347 jactura
476 298 576 336 facta
602 305 670 344 est,
691 305 798 336 tanto
816 311 928 350 opere
957 298 1238 338 commoveris?

121 364 210 403 quae
228 352 259 390 si
277 351 350 390 hoc
368 359 538 404 tempore
562 363 640 389 non
668 352 771 390 diem
790 365 902 391 suum
925 354 1079 399 obisset,
1107 352 1239 404 paucis

118 413 205 458 post
222 406 332 444 annis
345 413 474 444 tamen
489 406 524 445 ei
534 406 776 445 moriendum
789 406 889 452 fuit3
920 406 1104 458 quoniam
1122 407 1239 446 homo

116 467 208 498 nata
224 460 360 499 fuerat.

171 514 304 553 Etiam
324 523 367 552 tu
392 516 442 553 ab
458 515 561 553 hisce
578 516 693 554 rebus
712 515 888 553 animum
907 528 951 554 ac
969 515 1238 567 cogitationem

117 576 226 607 tuam
244 581 384 614 avoca;
414 576 529 620 atque
548 582 592 607 ea
610 569 736 620 potius
755 570 1009 616 reminiscere,
1023 583 1110 621 quae
1122 570 1239 620 digna

117 623 185 661 tua
208 623 370 674 persona
400 631 514 661 sunt:
545 623 669 668 illam,
701 624 888 674 quamdiu
921 624 955 661 ei
980 637 1076 675 opus
1105 601 1188 662 ξιιεῖ
1173 624 1236 672 it,

116 675 283 722 vixisse3
304 689 384 715 una
396 690 486 715 cum
498 677 693 729 republica
704 678 846 722 fuisse;
868 685 918 724 te,
936 687 1085 728 patrem
1105 691 1234 726 suum,

113 739 330 783 praetorem,
352 731 561 779 consulem,
589 744 776 782 augurem
796 731 958 776 xidisse;
988 732 1235 770 adolescenti-

114 786 186 824 bus
205 785 395 837 primariis
425 793 588 837 nuptam
606 785 751 830 fuisse3
783 786 962 823 omnibus
981 786 1091 824 bonis
1118 800 1236 838 prope

111 839 356 892 perfunctam
375 852 453 878 esse
469 853 481 885 ;
512 852 601 878 cum
619 840 833 891 respublica
851 840 1049 887 occideret,
1070 840 1149 878 vita
1169 854 1236 879 ex-

112 894 277 933 cessisse.
308 893 417 942 Quid
447 901 517 940 est,
547 894 651 945 quod
681 902 738 940 tu,
766 902 833 932 aut
857 895 937 941 illa,
960 907 1050 932 cum
1079 894 1236 934 fortuna

110 947 184 986 hoc
197 948 354 986 nomine
373 948 482 999 queri
499 948 681 999 possitis?
709 948 890 999 Denique
909 949 988 986 noli
1008 956 1045 986 te
1064 948 1234 988 oblivisci

110 1001 333 1041 Ciceronem
352 1015 445 1050 esse,
467 1011 504 1040 et
523 1015 626 1049 eum,
643 1002 711 1054 qui
726 1002 810 1040 aliis
825 1003 1017 1041 consueris
1030 1002 1234 1054 praecipere

110 1063 148 1095 et
162 1056 251 1094 dare
270 1056 471 1097 consilium
488 1071 499 1094 ι
530 1069 655 1107 neque
670 1057 820 1095 imitare
831 1057 952 1095 malos
971 1056 1150 1103 medicos,
1165 1057 1234 1108 qui

109 1111 150 1148 in
188 1111 319 1149 alienis
355 1110 499 1149 morbis
534 1112 760 1162 profitentur
792 1119 919 1149 tenere
963 1124 1001 1149 se
1033 1110 1234 1150 medicinae

109 1164 320 1212 scientiam,
348 1164 422 1216 ipsi
451 1178 490 1203 se
514 1178 645 1203 curare
674 1177 753 1203 non
780 1172 963 1216 possunt3
995 1164 1061 1203 sed
1089 1165 1231 1216 potius,

109 1232 199 1270 quae
217 1219 301 1257 aliis
331 1226 413 1257 tute
441 1219 646 1270 praecipere
678 1220 787 1268 soles,
813 1232 857 1257 ea
875 1227 957 1257 tute
976 1219 1047 1258 tibi
1072 1220 1230 1270 subjice,

107 1280 226 1325 atque
244 1273 348 1324 apud
367 1272 542 1311 animum
561 1286 741 1324 propone.

163 1328 312 1366 Nullus
330 1327 437 1365 dolor
455 1335 524 1375 est,
541 1341 657 1378 quem
677 1340 754 1366 non
769 1327 1030 1379 longinquitas
1049 1328 1232 1379 temporis

105 1381 261 1420 minuat
289 1394 332 1420 ae
357 1381 518 1419 molliat.
550 1381 638 1420 Hoc
661 1390 698 1420 te
727 1390 945 1433 exspectare
963 1390 1129 1433 tempus,
1162 1382 1233 1421 tibi

106 1443 221 1487 turpe
249 1442 319 1483 est,
350 1449 394 1474 ac
417 1447 495 1473 non
521 1435 556 1473 ei
584 1436 639 1474 rei
664 1436 850 1487 sapientia
873 1437 940 1474 tua
959 1444 997 1474 te
1026 1449 1231 1475 occurrere.

107 1489 228 1537 Quod
247 1490 279 1528 si
296 1490 364 1542 qui
384 1490 499 1528 etiam
513 1489 644 1528 inferis
664 1503 795 1529 sensus
815 1498 871 1529 est
888 1504 900 1535 ;
931 1490 998 1542 qui
1017 1490 1120 1528 illius
1140 1490 1180 1528 in
1195 1498 1233 1530 te

106 1557 216 1582 amor
233 1544 321 1592 fuit,
341 1544 539 1595 pietasque
563 1545 604 1582 in
623 1557 755 1583 omnes
774 1558 875 1593 suos,
894 1544 967 1583 hoc
986 1554 1084 1583 certe
1109 1545 1176 1583 illa
1194 1552 1232 1584 te

105 1598 229 1637 facere
243 1611 320 1636 non
335 1599 429 1636 vult.
461 1598 526 1636 Da
539 1599 611 1637 hoc
625 1599 684 1636 illi
697 1607 858 1637 mortuae
875 1613 885 1637 z
916 1599 965 1637 da
979 1599 1121 1637 caeteris
1133 1599 1231 1637 ami·

106 1651 162 1691 cis
180 1666 224 1691 ac
246 1652 514 1701 familiaribus,
547 1653 616 1704 qui
634 1661 702 1692 tuo
730 1653 859 1691 dolore
877 1660 1063 1692 moerent:
1095 1653 1146 1692 da
1161 1667 1231 1705 pa·

44 1732 51 1736 ›
106 1706 190 1745 triae
206 1720 218 1753 3
248 1714 306 1755 ut,
328 1707 359 1745 si
377 1707 455 1758 qua
473 1707 514 1745 in
535 1720 576 1745 re
595 1720 692 1759 opus
713 1707 775 1755 sit,
797 1708 912 1759 opera
932 1715 968 1746 et
987 1707 1144 1746 consilio
1162 1715 1231 1747 tuo

107 1761 166 1799 uti
183 1761 313 1812 possit.
343 1760 539 1813 Denique,
561 1762 744 1813 quoniam
772 1762 813 1799 in
840 1775 925 1800 eam
947 1761 1142 1800 fortunam
1163 1762 1229 1801 de-

105 1815 297 1861 venimus,
328 1822 373 1852 ut
401 1815 517 1853 etiam
539 1815 631 1854 huic
654 1816 708 1854 rei
735 1816 845 1854 nobis
876 1816 1119 1854 serviendum
1150 1816 1198 1854 sit
1214 1830 1227 1861 ς

104 1869 185 1907 noli
195 1869 445 1917 committere,
454 1877 499 1908 ut
513 1869 719 1922 quisquam
733 1878 771 1908 te
782 1878 892 1921 putet
905 1882 984 1909 non
997 1878 1078 1908 tam
1091 1870 1227 1918 filiam,

103 1936 225 1976 quam
242 1924 462 1975 reipublicae
480 1931 667 1976 tempora,
688 1932 726 1963 et
744 1925 908 1963 aliorum
933 1924 1146 1973 victoriam,
1167 1925 1229 1963 lu-

102 1991 205 2029 gere.

158 2032 280 2070 Plura
296 2044 361 2071 me
374 2031 424 2071 ad
442 2039 480 2072 te
493 2033 542 2072 de
559 2033 632 2073 hac
644 2047 686 2072 re
700 2033 861 2073 scribere
878 2033 1012 2086 pudet,
1032 2045 1082 2072 ne
1099 2032 1229 2071 videar

101 2086 316 2138 prudentiae
334 2093 412 2126 tuae
426 2087 608 2127 diffidere.
638 2087 785 2137 Quare,
805 2089 837 2127 si
853 2088 928 2127 hoc
944 2100 1069 2126 unum
1087 2099 1226 2140 propo-

102 2152 227 2188 suero,
257 2140 375 2179 finem
407 2141 547 2180 faciam
579 2142 779 2181 scribendi.
809 2142 994 2182 Vidimus
1025 2140 1228 2193 aliquoties

101 2194 306 2233 secundam
328 2195 586 2246 pulcherrime
616 2203 655 2235 te
679 2196 777 2236 ferre
794 2197 1004 2245 fortunam,
1020 2207 1225 2247 magnam-
