1501 2407
336 118 419 157 AD
448 118 743 158 DIVERSOS.
775 119 875 158 Lm.
911 120 985 159 IV.
1014 125 1051 161 9.
1178 122 1248 163 101

141 227 351 266 libertatem
371 226 581 277 sequimur,
596 226 664 278 qui
681 227 786 266 locus
804 227 876 267 hoc
894 229 1093 268 dominatu
1113 232 1221 269 vacat
1234 234 1252 270 ?

140 281 198 319 sin
227 280 549 332 qualemcumque
573 280 716 328 locum,
747 295 834 332 quae
855 290 911 321 est
935 283 1140 322 domestica
1166 284 1253 322 sede

135 333 373 384 jucundior?
415 333 490 372 Sed
519 333 616 371 mihi
645 335 768 382 crede,
801 335 914 374 etiam
945 337 991 385 is,
1025 338 1093 388 qui
1124 339 1253 377 omnia

139 394 255 435 tenet,
275 387 377 426 favet
400 387 585 438 ingeniis:
616 389 855 427 nobilitatem
882 404 968 431 vero
997 399 1033 429 et
1051 391 1254 442 dignitates

138 441 354 487 hominum,
375 451 564 493 quantum
596 441 630 479 ei
659 456 717 480 res
736 449 773 481 et
797 443 915 495 ipsius
937 458 1050 483 causa
1069 446 1250 493 concedit,

138 495 389 547 amplectitur.
432 495 508 534 Sed
543 495 668 546 plura,
708 510 826 548 quam
863 506 1081 537 statueram.
1120 499 1252 537 Redeo

140 562 229 600 ergo
254 548 303 586 ad
331 562 455 586 unum
474 549 585 595 illud,
606 562 669 588 me
689 557 800 588 tuum
819 565 922 596 esseg
951 552 1031 591 fore
1050 565 1137 591 cum
1158 553 1248 599 tuis,

136 602 168 641 si
186 602 301 641 modo
315 611 426 640 erunt
451 603 531 640 tui:
563 603 621 641 sin
647 603 789 649 minus,
812 618 875 644 me
894 614 992 644 certe
1014 606 1053 644 in
1073 607 1251 645 omnibus

136 658 248 694 rebus
272 656 361 695 satis
382 664 519 695 nostrae
540 657 796 706 conjunctioni
821 660 1019 711 amorique
1044 660 1250 698 facturum.

138 710 248 749 Vale.

218 870 307 923 (9.)
348 872 410 910 Μ.
431 871 482 910 Τ.
504 872 549 910 C.
592 874 632 911 S.
659 873 712 911 D.
752 873 814 912 M.
844 873 1181 913 MARCELLO.

191 980 780 1032 (Argumentum.—Reditum
804 981 846 1019 in
867 982 1031 1033 patriam
1064 981 1253 1021 Marcello

135 1034 282 1080 suadet,
302 1034 474 1073 refutatis
488 1035 661 1086 singulis,
682 1049 769 1086 quae
780 1035 996 1074 dissuadere
1012 1036 1252 1084 videbantur,

135 1088 343 1139 praesertim
366 1088 470 1140 quod
497 1101 568 1127 nec
589 1089 699 1128 aliter
722 1089 900 1128 futurum
921 1090 1068 1139 fuisset,
1089 1090 1121 1128 si
1146 1090 1255 1129 vicis-

134 1148 219 1180 sent
237 1140 497 1194 Pompeiani.)

188 1248 289 1297 Etsi,
320 1250 518 1301 perpaucis
546 1258 634 1289 ante
659 1251 807 1299 diebus,
832 1251 1011 1289 dederam
1043 1251 1094 1298 Q.
1116 1251 1253 1290 Mucio

135 1303 262 1342 literas
281 1304 331 1341 ad
351 1311 386 1342 te
405 1304 580 1355 pluribus
599 1305 721 1343 verbis
741 1305 910 1356 scriptas,
933 1305 1074 1356 quibus
1088 1305 1256 1343 declara-

135 1370 278 1401 veram,
298 1370 376 1408 quo
395 1366 432 1395 te
447 1357 576 1396 animo
595 1371 785 1397 censerem
804 1372 882 1397 esse
900 1367 1085 1410 oportere,
1106 1367 1142 1397 et
1161 1359 1256 1410 quid

135 1411 204 1450 tibi
222 1411 442 1449 faciendum
460 1412 686 1458 arbitrarer3
717 1420 861 1459 tamen,
881 1426 970 1451 cum
997 1413 1253 1464 Theophilus,

134 1465 292 1504 libertus
321 1472 425 1513 tuus,
449 1465 761 1516 proficisceretur,
791 1468 900 1516 cujus
930 1479 1000 1518 ego
1023 1466 1141 1505 fidem
1165 1479 1256 1517 erga

134 1526 172 1557 te
198 1519 578 1571 benevolentiamque
600 1533 880 1571 perspexeram,
905 1521 986 1559 sine
1010 1521 1105 1559 meis
1136 1520 1256 1559 literis

135 1586 225 1611 eum
243 1573 294 1611 ad
312 1581 349 1611 te
368 1573 495 1613 venire
513 1574 632 1612 nolui.
662 1575 807 1612 Iisdem
825 1574 942 1625 igitur
956 1582 993 1613 te
1011 1576 1123 1613 rebus
1138 1574 1255 1613 etiam

133 1634 253 1678 atque
271 1627 386 1665 etiam
412 1627 558 1674 hortor,
588 1628 729 1679 quibus
755 1629 1011 1680 superioribus
1029 1629 1148 1666 literis
1166 1629 1255 1667 hor-

136 1687 238 1720 tatus
257 1694 359 1729 sum,
373 1688 418 1718 ut
435 1681 476 1718 in
495 1680 538 1720 ea
555 1682 765 1734 republica,
781 1695 1036 1734 quaecumque
1054 1689 1123 1731 est,
1136 1695 1256 1734 quam

137 1735 309 1786 primum
328 1735 422 1774 velis
442 1747 531 1774 esse.

191 1789 325 1827 Multa
353 1789 498 1828 videbis
515 1790 686 1837 fortasse,
706 1804 794 1842 quae
811 1791 935 1836 n01is;
964 1803 1042 1830 non
1068 1790 1180 1842 plura
1199 1797 1258 1828 ta-

140 1855 244 1890 men,
276 1856 396 1894 quam
425 1843 536 1882 audis
566 1844 749 1895 quotidie.
778 1846 872 1883 Non
901 1852 959 1883 est
986 1858 1099 1896 porro
1128 1851 1257 1892 tuum,

139 1909 217 1935 uno
235 1909 346 1935 sensu
365 1897 490 1935 solum
508 1900 707 1936 oculorum
724 1898 894 1944 moveri;
924 1911 1013 1937 cum
1031 1899 1134 1937 idem
1158 1897 1259 1936 illud

137 1951 295 1989 auribus
327 1951 526 2003 percipias,
564 1952 669 2004 quod
698 1953 815 1991 etiam
843 1954 970 2002 majus
1000 1952 1120 1991 videri
1148 1952 1258 1998 solet,

139 2004 270 2042 minus
288 2004 471 2044 laborare.
500 2007 561 2045 At
581 2006 652 2044 tibi
673 2006 746 2058 ipsi
769 2007 974 2045 dicendum
1000 2007 1071 2044 erit
1095 2005 1258 2056 aliquid,

142 2058 248 2109 quod
265 2070 342 2096 non
361 2059 525 2107 sentias;
555 2067 622 2098 aut
639 2059 872 2108 faciendum,
893 2060 998 2113 quod
1015 2073 1092 2098 non
1110 2060 1260 2111 probes.

144 2111 338 2164 Prinrum,
358 2115 521 2166 tempori
539 2114 669 2154 cedere
691 2115 751 2167 (id
781 2123 850 2161 est,
873 2114 1084 2154 necessitati
1109 2110 1259 2165 parere)

140 2178 290 2218 semper
307 2167 486 2218 sapientis
504 2176 560 2208 est
581 2168 784 2210 habitum:
813 2169 950 2208 deinde
968 2181 1043 2207 non
1063 2169 1194 2214 habet,
1213 2174 1260 2204 ut

142 2231 245 2259 nunc
268 2219 426 2272 quidem
451 2229 521 2271 est,
535 2222 585 2260 id
608 2223 689 2261 vitii
714 2236 784 2263 res.
816 2223 954 2262 Dicere
977 2223 1146 2270 fortasse,
1174 2234 1260 2272 quae

911 2288 939 2314 K
961 2278 985 2313 3
