1501 2407
270 82 354 122 AD
384 80 684 122 DIVERSOS.
714 81 815 122 Lm.
846 80 947 120 VII.
978 81 1043 120 30.
1142 82 1216 120 211

88 205 150 232 ras
168 190 365 231 consulem
383 189 589 231 creaverit:
619 197 657 230 et
679 189 727 230 de
750 188 870 229 literis
894 188 1219 230 commendaticiis

87 246 140 286 ad
156 245 333 285 Acilium
348 245 567 298 significat.)

140 369 229 422 Ego
248 383 335 409 vero
361 371 445 420 jam
464 375 502 407 te
519 379 591 407 nec
611 368 742 407 hortor
766 380 836 407 nec
855 380 960 421 rogo,
981 374 1026 406 ut
1053 368 1215 408 domum

85 424 244 464 redeas·
275 424 370 477 quin
388 423 479 463 hinc
503 422 585 475 ipse
612 423 761 462 evolare
778 422 906 476 cupio,
927 430 965 462 et
979 423 1109 476 aliquo
1127 437 1215 476 per-

83 478 229 528 'venii-e,

122 555 152 576 ‘⁶
168 552 250 592 Ubi
268 565 339 593 nec
353 553 584 606 Pelopidam
609 566 750 593 nomen
769 566 839 594 nec
856 553 958 601 facta
975 553 1175 593 audiam.”

139 627 371 667 Incredibile
390 637 461 677 est,
483 642 602 681 quam
628 629 792 681 turpiter
809 628 908 667 mihi
925 628 1048 667 facere
1067 628 1210 677 videar,

85 683 154 736 qui
183 683 242 721 1115
275 685 389 722 rebus
414 683 598 722 intersim.
629 684 706 722 Nae
734 691 777 721 tu
807 683 944 722 videris
969 683 1094 721 multo
1124 691 1213 722 ante

84 737 308 790 providisse,
341 738 436 789 quid
464 738 702 789 impenderet
723 746 823 799 tum,
849 750 939 775 cum
958 737 1050 775 hinc
1077 737 1212 789 profu-

85 792 186 843 gisti.
228 792 484 844 Quamquam
514 793 618 831 enim
646 792 727 831 haec
757 792 874 830 etiam
904 791 1046 829 auditu
1077 794 1212 830 acerba

87 853 192 895 sunt,
222 854 352 884 tamen
371 847 503 885 audire
521 847 757 885 tolerabilius
776 853 845 892 est,
863 858 982 898 quam
1001 845 1141 884 videre.

139 899 188 938 In
215 900 365 952 Campo
388 909 486 939 certe
515 913 593 939 non
617 901 738 949 fuisti,
771 913 874 946 cum„
906 900 1047 938 horae
1031 899 1211 950 secunda,

83 955 247 993 comitiis
267 955 478 1007 quaestoriis
496 955 695 1003 institutis,
709 955 802 994 sella
820 954 872 1002 Q,
887 953 1073 1003 Maximi,
1091 968 1208 1006 quem

83 1009 144 1048 illi
163 1011 360 1048 consulem
379 1023 458 1048 esse
483 1009 672 1057 dicebant,
704 1009 827 1061 posita
855 1015 974 1047 esset:
1005 1022 1083 1060 quo
1107 1022 1210 1047 mor-

84 1071 152 1102 tuo
167 1064 358 1113 nuntiato,
380 1064 473 1103 sella
491 1064 645 1102 sublata
663 1072 730 1102 est.
761 1062 834 1101 Ille
852 1071 997 1111 autem,
1019 1063 1088 1115 qui
1107 1076 1211 1101 com-

81 1118 159 1157 itiis
200 1119 354 1157 tributis
397 1125 492 1157 esset
525 1119 764 1184 auspicatus,
803 1117 1013 1156 centuriata
1043 1118 1209 1157 habuit.
1197 1133 1209 1142 ·

83 1173 282 1211 consulem
314 1173 409 1211 hora
439 1173 603 1224 septima
632 1172 879 1219 renuntiavit,
912 1172 981 1223 qui
1009 1185 1132 1223 usque
1161 1173 1212 1211 ad

84 1227 274 1266 Calendas
292 1227 322 1265 J
324 1240 385 1265 an
400 1238 521 1273 esset3
553 1241 641 1279 quae
660 1235 767 1265 erant
785 1226 927 1264 futurae
941 1238 1054 1264 mane
1073 1227 1212 1278 postri-

83 1281 158 1320 die.
188 1282 265 1330 Ita,
287 1281 451 1320 Caninio
470 1282 639 1330 consule,
664 1281 756 1319 scito
775 1280 971 1318 neminem
997 1281 1207 1331 prandisse.

82 1336 197 1375 Nihil
216 1344 360 1383 tamen,
382 1349 426 1375 eo
445 1337 612 1382 consule
628 1335 723 1373 mali
740 1335 887 1373 factum
906 1342 985 1372 est.
1016 1334 1091 1372 fuit
1106 1336 1211 1374 enim

82 1390 247 1429 mirifica
276 1390 491 1442 vigilantia,
511 1390 579 1442 qui
598 1402 667 1429 suo
690 1397 770 1428 toto
798 1389 999 1428 consulatu
1024 1402 1207 1428 somnum

83 1456 162 1483 non
181 1445 329 1484 viderit.

139 1500 238 1539 Haec
256 1499 327 1538 tibi
345 1498 507 1538 ridicula
525 1498 727 1539 videntur:
757 1510 836 1537 non
855 1498 960 1537 enim
974 1498 1088 1537 ades.
1078 1513 1088 1522 ·
1119 1512 1210 1550 quae

83 1553 116 1592 si
147 1554 308 1603 videres,
337 1554 527 1615 lacrymas
553 1566 631 1592 non
662 1561 820 1592 teneres.
850 1553 974 1601 Quid,
1004 1553 1036 1591 51
1073 1562 1210 1593 caetera

80 1608 273 1647 scribam?
302 1616 392 1647 sunt
411 1608 515 1646 enim
533 1608 830 1646 innumerabilia
844 1607 991 1659 generis
1006 1608 1205 1658 ejusdem·
1193 1638 1207 1656 ,

79 1676 169 1714 quae
187 1663 346 1715 quidem
365 1676 435 1714 ego
454 1675 532 1702 non
551 1662 703 1724 ferrem,
724 1662 798 1701 nisi
815 1675 880 1700 me
896 1662 938 1699 in
956 1661 1211 1723 philosophiae

79 1725 237 1769 portum
262 1718 522 1767 contulissem,
546 1724 583 1756 et
602 1717 676 1755 nisi
694 1717 876 1755 haberem
895 1717 1042 1755 socium
1061 1717 1211 1756 studio-

80 1785 170 1810 rum
201 1784 379 1811 meorum
407 1771 588 1810 Atticum
619 1778 824 1809 nostrum·
812 1800 824 1818 ‚
855 1771 965 1821 cujus
997 1784 1088 1810 cum
1118 1785 1210 1823 pro-

79 1825 211 1878 prium
231 1834 268 1865 te
294 1839 374 1865 esse
403 1826 534 1865 scribis
556 1825 749 1877 mancipio
774 1832 811 1864 et
839 1838 959 1873 nexu,
985 1838 1118 1864 meum
1139 1839 1211 1864 au-

80 1887 160 1919 tem
179 1894 254 1919 usu
273 1887 311 1919 et
333 1880 478 1929 fructu,
509 1888 710 1919 contentus
734 1879 807 1919 isto
826 1892 926 1918 sum.
957 1879 1007 1918 Id
1029 1880 1133 1918 enim
1153 1888 1211 1919 est

81 1936 270 1986 cujusque
286 1935 504 1987 proprium,
525 1948 603 1987 quo
615 1934 779 1987 quisque
789 1933 931 1973 fruitur
942 1941 1058 1986 atque
1070 1934 1206 1974 utitur.

81 1989 158 2029 Sed
176 1990 259 2028 haec
272 1990 366 2028 alias
383 1989 572 2041 pluribus.

134 2043 302 2093 Acilius,
329 2044 399 2096 qui
423 2044 465 2082 in
496 2043 688 2083 Graeciam
714 2056 804 2083 cum
828 2042 1044 2105 legionibus
1069 2043 1209 2084 missus

79 2104 150 2145 est,
170 2098 346 2137 maximo
373 2111 460 2137 meo
488 2098 673 2137 beneficio
697 2105 780 2138 est·
808 2098 868 2137 bis
890 2097 995 2136 enim
1015 2104 1070 2136 est
1095 2111 1119 2136 a
1144 2111 1210 2138 me

75 2152 222 2203 judicio
241 2152 388 2206 capitis,
415 2154 531 2192 rebus
555 2152 684 2202 salvis,
709 2152 915 2192 defensus:
945 2158 984 2190 et
1013 2158 1070 2190 ffit
1091 2151 1210 2192 homo

76 2219 154 2246 non
173 2204 361 2260 ingratus,
381 2219 524 2261 meque
552 2206 797 2248 vehementer
814 2208 1002 2247 observat.
1027 2205 1099 2246 Ad
1116 2220 1207 2247 eum
