1481 2381
171 45 251 83 236
354 42 433 82 AD
463 41 760 85 DIVERSOS.
790 41 891 80 Lm.
911 38 1118 80 vl11.12.

179 154 252 192 bus
269 154 383 191 rebus
401 159 577 204 prement
595 151 818 199 Curionem,
838 150 967 190 caesar
988 148 1236 188 defendenu·
1268 149 1301 189 si

175 206 458 245 intercessorem
479 205 602 258 (quod
619 205 812 252 videntur)
833 201 1129 250 reformidarint,
1152 200 1296 253 Cam,

175 260 304 322 quoad
314 261 428 309 volet,
441 260 623 298 manebit.
652 259 785 308 Quam
797 258 960 310 quisque
971 256 1199 296 sententiam
1213 256 1301 296 dix-

178 314 264 362 erit,
284 315 326 353 in
345 315 617 353 commentario
636 322 693 352 est
717 326 846 352 rerum
864 314 1126 357 urbanarum;
1156 323 1204 349 ex
1223 324 1302 363 quo

178 375 236 415 tu,
258 382 345 420 quae
363 368 481 419 digna
500 376 602 416 sunt,
624 368 750 419 selige.
795 367 930 405 Multa
947 366 1080 413 transi,
1108 365 1149 402 in
1167 364 1302 416 primis

176 397 360 462 ludorum
378 422 636 474 explosiones:
670 430 707 461 et
723 421 920 469 funerum,
937 427 974 458 et
986 419 1217 472 ineptiarum
1231 431 1303 457 cae-

178 484 362 525 terarum,
382 477 496 528 plura
513 476 628 514 habet
650 475 813 513 inutilia.
843 474 1025 527 Demque
1035 473 1302 512 maloinhanc

178 538 328 581 partem
347 544 483 579 errare,
503 538 561 578 ut,
583 544 670 581 quae
687 542 763 568 non
787 529 990 577 desideras,
1017 527 1163 576 audias,
1184 539 1304 580 quam

179 584 411 636 quidquam,
433 584 538 636 quod
557 597 653 635 opus
673 597 711 622 es
713 591 743 630 t,
762 582 1086 635 praetermittatur.

233 638 328 677 Tibi
347 651 446 677 curae
463 638 581 677 fuisse
599 638 646 676 de
661 637 823 676 Sittiano
835 636 1001 688 negotio,
1021 635 1182 687 gaudeo.
1210 634 1301 683 Sed,

178 705 268 731 cum
287 692 501 744 suspicaris,
527 692 657 730 minus
675 691 776 730 certa
794 690 869 729 fide
888 703 950 729 eos
967 690 1040 729 tibi
1052 689 1177 736 visos;
1205 696 1305 728 tam-

179 759 299 798 quam
317 754 553 798 procurator,
569 746 623 784 sic
642 758 745 797 agas,
766 758 870 796 rogo.
904 744 1016 784 Vale.

359 913 478 967 (12.)
510 915 734 956 COELIUS
764 913 1048 964 CICERONI
1075 915 1116 956 S.

236 1022 566 1075 (Argumentum.
581 1049 637 1058 -
648 1023 836 1072 Queritur
853 1024 902 1065 de
914 1024 1040 1077 Appii
1054 1024 1208 1065 Claudii
1219 1038 1306 1065 cen-

182 1078 275 1116 soris
293 1078 442 1129 ingrato
461 1078 591 1117 animo
610 1086 648 1117 et
665 1079 836 1129 injuriis;
866 1092 984 1132 quem
999 1092 1089 1119 cum
1102 1080 1307 1119 accusatio-

182 1143 273 1170 nem
293 1132 456 1183 cogitare
470 1133 726 1184 comperisset,
747 1134 962 1183 antevertit,
978 1140 1015 1174 et
1028 1133 1158 1186 ipsum
1175 1141 1309 1187 postu-

182 1185 278 1224 lavit
295 1186 379 1238 lege
399 1187 627 1235 Scantinia)

240 1293 368 1333 Pudet
386 1308 449 1334 me
467 1295 538 1334 tibi
557 1296 740 1344 confiteri,
754 1304 790 1334 et
807 1296 914 1348 queri
928 1296 976 1335 de
986 1295 1124 1348 Appii,
1139 1297 1307 1337 hominis

187 1347 449 1399 ingratissimi,
469 1350 633 1399 injuriis,
650 1350 718 1402 qui
728 1363 791 1388 me
806 1350 941 1398 odisse,
956 1350 1048 1402 quia
1061 1352 1311 1402 magnamihi

185 1401 348 1440 debebat
377 1403 573 1453 beneficia,
605 1405 740 1455 coepit·
772 1412 823 1453 et,
850 1417 940 1443 eum
958 1405 1075 1443 homo
1093 1418 1243 1453 avarus,
1262 1414 1308 1445 ut

184 1469 229 1494 ea
247 1457 420 1504 solveret,
441 1457 542 1496 sibi·
531 1471 719 1509 lmperare
737 1471 815 1496 non
833 1466 972 1510 posset,
1003 1459 1198 1498 oecultum
1225 1460 1310 1498 bel-

186 1510 271 1548 lum
289 1510 388 1548 mihi
405 1511 567 1558 indixit3
588 1513 643 1551 ita
656 1513 848 1551 occultum
863 1520 1007 1561 tamen,
1020 1520 1072 1552 ιιι
1085 1513 1309 1553 multimihi

185 1564 460 1613 renuntiarent,
475 1574 511 1604 et
524 1566 605 1617 ipse
616 1566 725 1605 facile
737 1566 1092 1614 animadverterem,
1105 1568 1206 1606 male
1221 1580 1311 1606 eum

187 1617 236 1656 de
253 1630 317 1656 me
336 1619 511 1670 cogitare.
540 1621 798 1673 Posteaquam
816 1634 904 1659 vero
923 1621 1104 1673 comperi,
1125 1634 1216 1660 eum
1233 1622 1312 1660 oo}-

186 1671 334 1723 legium
353 1674 530 1721 tentasse,
551 1674 686 1713 deinde
705 1682 833 1726 aperte
847 1687 936 1714 cum
956 1674 1188 1728 quibusdam
1205 1676 1311 1714 locu-

188 1733 298 1771 tum3
328 1739 418 1765 cum
437 1728 485 1766 L.
510 1728 700 1775 Domitio,
729 1738 774 1767 ut
792 1742 896 1768 nunc
915 1738 984 1775 est,
1013 1729 1140 1767 mihi
1128 1729 1312 1769 mimicis-

189 1780 287 1818 simo
305 1780 476 1832 homine,
493 1782 726 1829 deliberare3
757 1784 854 1823 velle
871 1784 944 1823 hoc
955 1783 1232 1822 munusculum
1246 1783 1313 1823 de-

186 1833 285 1873 fen-e
304 1834 376 1873 Cn.
397 1836 609 1898 Pompei03
639 1837 768 1889 ipsum
787 1844 832 1877 ut
857 1838 1096 1889 prenderem,
1128 1845 1165 1876 et
1193 1839 1242 1877 ab
1267 1850 1312 1876 eo

191 1888 437 1940 deprecarer
426 1891 624 1940 mjuriam,
645 1905 761 1943 quem
781 1891 901 1931 vitam
922 1891 1020 1933 mihi
1037 1891 1174 1931 debere
1197 1898 1311 1944 puta-

191 1955 288 1990 rem,
307 1943 512 1995 impetrare
530 1959 553 1985 a
573 1958 636 1985 me
660 1958 739 1985 non
757 1946 878 1997 potui.
1332 1956 1334 1958 '

245 1971 355 2045 Quid
373 2011 462 2049 ergo
479 2001 567 2038 aet?
597 2000 706 2038 Tum
725 2000 882 2062 quidem
901 2012 990 2040 cum
1003 1999 1150 2052 aliquot
1163 1999 1309 2048 amicis,

190 2051 259 2101 qui
277 2059 390 2091 testes
408 2061 514 2092 erant
531 2067 706 2094 meorum
725 2054 765 2093 in
783 2054 898 2093 inum
911 2054 1150 2103 meritorum,
1161 2054 1312 2093 locutus

191 2117 291 2146 sum
320 2106 577 2159 Posteaquam
595 2108 801 2158 illum‚ne,
816 2109 878 2148 cui
897 2108 1125 2151 satisfaceret
1137 2107 1309 2160 quidem,
1339 2110 1341 2112 ’

190 2171 254 2199 me
272 2159 435 2212 dignum
453 2160 593 2203 habere
607 2162 719 2212 sensi,
740 2163 861 2204 malui
877 2163 1032 2214 collega
1048 2163 1145 2213 ejus,
1164 2162 1314 2202 homini
