1501 2407
204 130 280 170 104
388 128 471 167 AD
499 127 794 168 DIVERSOS.
826 128 924 167 Lm.
957 129 1030 168 IV.
1064 125 1125 168 12.

210 241 226 282 (
247 234 332 285 11.)Ι
358 236 418 275 Μ.
450 235 730 275 MARCELL
732 237 800 276 US
823 236 885 275 M.
898 234 1178 277 CICERONI
1208 233 1251 278 S.
1269 238 1323 277 D.

263 342 589 397 (Argumentum.
613 371 668 380 --
692 345 902 385 Marcellus
933 345 1133 397 significat,
1167 358 1207 384 se
1234 346 1323 397 plus

211 400 403 440 Ciceronis
422 413 540 454 quam
559 400 684 439 fratris
706 400 860 438 hortatu
884 407 1118 438 commotum
1142 399 1191 436 in
1212 400 1326 438 causa

211 454 353 492 reditus
370 452 512 492 fuisse:
542 454 669 492 literas
699 453 816 502 enim,
837 453 1082 492 restitutionis
1100 453 1268 514 nuntias,
1288 460 1326 492 et

209 508 519 559 gratulationem,
541 516 578 546 et
596 508 805 546 amicorum
823 507 1142 554 benevolentiam,
1157 507 1327 546 maxime

212 561 418 609 Ciceronis,
438 561 510 600 sibi
528 561 737 600 admodum
755 562 917 613 placere,
941 569 979 599 et
996 568 1144 612 gratam
1175 573 1324 612 semper

211 614 320 663 fore.)

737 690 846 698 ——-

264 722 484 760 Plurimum
504 722 665 760 valuisse
683 722 787 773 apud
809 735 873 760 me
892 729 999 761 tuam
1018 735 1167 774 semper
1194 730 1324 761 aucto-

214 776 381 823 ritatem,
403 789 491 814 cum
517 776 558 813 in
582 775 688 813 omni
705 789 759 822 re,
783 783 867 813 tum
889 776 930 813 in
949 776 1021 813 hoc
1047 776 1217 814 maxime
1235 788 1327 827 neg-

211 830 302 877 otio,
317 837 423 880 potes
437 829 664 868 existimare.
694 829 796 868 Cum
809 829 905 866 mihi
918 829 962 867 C.
977 829 1200 875 Marcellus,
1213 829 1328 868 frater

211 882 495 922 amantissimus
520 882 610 927 mei,
640 895 719 920 non
740 882 866 920 solum
891 882 1092 921 consilium
1122 882 1241 930 daret,
1262 882 1327 922 sed

212 936 387 988 precibus
403 948 556 987 quoque
569 949 633 974 me
651 937 884 982 obsecraret;
913 947 990 973 non
1009 936 1115 987 prius
1129 936 1226 974 mihi
1239 949 1326 988 per-

212 989 369 1028 suadere
399 990 539 1040 potuit,
573 1002 692 1040 quam
721 989 798 1027 tuis
829 997 887 1028 est
914 989 1091 1028 effectum
1116 989 1249 1036 literis,
1282 998 1327 1029 ut

212 1050 338 1081 uterer
356 1050 478 1081 vestro
499 1042 761 1094 postissimum
786 1043 952 1081 consilio.
982 1043 1061 1081 Res
1079 1044 1328 1095 quemadmo-

212 1096 307 1134 dum
338 1096 387 1134 sit
417 1103 513 1144 acta,
545 1105 676 1135 vestrae
694 1097 813 1135 literae
836 1097 933 1135 mihi
951 1097 1153 1135 declarant.
1183 1097 1328 1136 Gratu-

211 1150 303 1188 latio
322 1157 390 1188 tua
408 1150 477 1188 etsi
498 1158 554 1188 est
576 1150 674 1188 mihi
691 1151 969 1202 probatissima,
990 1151 1093 1202 quod
1112 1153 1160 1189 ab
1178 1152 1324 1202 optimo

211 1203 257 1241 fit
274 1204 428 1249 animo3
456 1211 587 1242 tamen
609 1204 681 1242 hoc
702 1204 800 1242 mihi
828 1205 953 1243 multo
972 1204 1182 1255 jucundius
1208 1212 1264 1243 est
1287 1213 1325 1244 et

209 1257 369 1308 gratius,
396 1257 514 1308 quod,
537 1257 579 1295 in
609 1258 763 1296 summa
786 1259 977 1310 paucitate
994 1259 1219 1305 amicorum,
1239 1272 1328 1310 pro-

209 1310 459 1362 pinquorum,
486 1324 529 1349 ac
554 1312 863 1373 necessariorum,
889 1312 958 1364 qui
982 1325 1067 1351 vere
1086 1325 1181 1350 meae
1210 1313 1326 1351 saluti

209 1364 393 1410 faverent,
413 1372 451 1402 te
473 1365 764 1426 cupidissimum
784 1366 875 1413 mei,
902 1366 1211 1418 singularemque
1228 1367 1326 1405 mihi

208 1418 511 1457 benevolentiam
530 1419 758 1470 praestitisse,
779 1419 949 1470 cognovi.

263 1472 432 1523 Reliqua
451 1480 542 1510 sunt
560 1473 762 1521 ejusmodi,
783 1474 934 1534 quibus.
942 1486 1026 1524 ego,
1047 1473 1228 1525 quoniam
1244 1474 1326 1514 haec

209 1533 317 1564 erant
335 1533 520 1577 tempora,
547 1526 657 1564 facile
683 1534 720 1565 et
738 1540 849 1578 aequo
873 1527 1003 1566 animo
1021 1530 1207 1566 carebam.
1237 1528 1327 1567 Hoc

209 1591 298 1617 vero
317 1579 504 1628 ejusmodi
523 1593 601 1618 esse
619 1588 758 1629 statuo,
777 1588 835 1628 ut,
856 1581 936 1620 sine
953 1581 1090 1619 talium
1109 1582 1277 1620 virorum
1290 1590 1328 1621 et

209 1633 421 1671 amicorum
446 1634 724 1681 benevolentia,
749 1647 874 1687 neque
900 1635 941 1672 in
965 1635 1122 1674 adversa
1142 1648 1267 1687 neque
1284 1637 1325 1675 in

208 1687 376 1725 secunda
405 1687 560 1725 fortuna
588 1688 793 1740 quisquam
823 1688 948 1727 vivere
970 1689 1100 1740 possit.
1131 1690 1297 1741 Itaque
1285 1703 1327 1728 m

208 1739 279 1778 hoc
295 1754 365 1791 ego
383 1740 480 1778 mihi
498 1742 679 1792 gratulor.
710 1743 775 1780 Tu
794 1755 882 1781 vero
900 1750 945 1781 ut
961 1743 1166 1795 intelligas,
1179 1743 1327 1782 homini

206 1794 439 1833 amicissimo
468 1802 505 1832 te
536 1795 710 1834 tribuisse
740 1796 924 1844 officium,
954 1809 996 1835 re
1024 1797 1095 1835 tibi
1125 1799 1324 1848 praestabo.

206 1847 317 1887 Vale.

204 2008 316 2057 (12.)
344 2009 464 2048 SER.
493 2009 788 2056 SULPICIUS
816 2011 879 2050 M.
899 2010 1181 2051 CICERONI
1208 2012 1248 2051 S.
1262 2011 1317 2050 D.

261 2117 585 2168 (Argumentum.
612 2142 667 2151 —--
689 2117 753 2156 M.
776 2118 955 2158 Marcelli
979 2118 1136 2168 aedem,
1155 2119 1320 2171 perfecto

202 2171 428 2209 narrationis
460 2171 650 2223 exemplo,
683 2172 736 2210 ita
768 2173 935 2219 nuntiat,
969 2181 1013 2211 ut
1049 2173 1319 2218 antecedentia.

203 2223 345 2271 media,
366 2225 645 2276 consequentia,
667 2226 867 2264 ordinatim
890 2233 1086 2277 exponat.)
