1481 2422
245 84 327 123 354
438 82 522 121 AD
551 81 852 123 DIVERSOS.
882 82 985 122 Lm.
1014 82 1094 123 XI.
1123 85 1190 124 28.

241 191 526 232 humanitatem
559 200 685 242 tuam,
723 192 792 245 qui
819 192 990 232 amicum
1022 192 1139 232 etiam
1170 199 1371 232 mortuum

239 246 391 298 diligas,
411 248 473 286 vel
490 247 532 286 in
546 260 646 296 eam,
664 247 744 300 qua
761 247 939 286 nonnulli
957 254 1137 298 utuntur,
1155 247 1372 286 libertatem

240 301 376 352 patriae
394 301 484 340 vitae
501 301 616 341 amici
634 302 954 354 anteponendam.

294 355 361 394 Ex
375 356 436 394 his
450 356 689 395 sermonibus
703 357 854 395 utinam
874 363 999 396 essent
1016 356 1152 396 delatae
1170 356 1220 395 ad
1237 364 1276 395 te
1293 355 1374 394 dise

241 410 458 461 putationes
486 411 609 450 meae!
643 411 719 449 Illa
737 425 826 450 vero
853 411 945 458 duo,
977 424 1066 463 quae
1089 411 1265 450 maxima
1282 417 1373 450 sunt

240 464 404 503 laudum
423 472 594 513 tuarum,
616 466 703 527 quis
722 473 789 504 aut
806 465 1004 512 libentius,
1020 478 1140 517 quam
1159 478 1245 518 ego,
1265 477 1373 504 com·

239 527 444 566 memorat,
468 527 536 558 aut
569 520 730 572 saepius.
719 520 737 542 '²
771 527 809 558 te
842 527 880 558 et
910 532 989 558 non
1019 519 1251 571 suscipiendi
1278 519 1372 558 belli

240 573 362 612 civilis
394 574 667 625 gravissimum
686 582 881 613 auctorem
899 573 1030 621 fuisse,
1061 581 1099 613 et
1123 573 1370 613 moderandae

239 628 432 674 victoriae3
462 628 503 666 in
535 641 612 680 quo
635 629 703 680 qui
731 628 829 666 mihi
856 641 936 667 non
960 628 1221 677 assentiretur,
1240 627 1373 667 inveni

239 683 448 721 neminem.
491 681 625 730 Quare
642 683 766 721 habeo
785 683 950 735 gratiam
968 683 1167 732 Trebatio,
1187 682 1371 722 familiari

238 745 381 784 nostro,
398 736 466 788 qui
484 737 583 775 mihi
596 737 701 776 dedit
712 750 867 776 causam
881 737 1022 776 harum
1035 738 1260 776 literarum·
1248 767 1261 784 ‚
1281 736 1371 790 qui-

239 793 312 830 bus
332 791 406 829 nisi
430 791 646 840 credideris,
675 804 740 831 me
770 792 895 831 omnis
919 793 1035 832 officii
1055 800 1094 831 et
1117 791 1371 830 humanitatis

241 854 439 898 expertem
455 846 666 896 judicaris3
688 859 766 898 quo
784 859 854 886 nec
871 847 970 885 mihi
986 847 1142 900 gravius
1155 846 1370 900 quidquam

239 908 365 952 potest
379 914 472 950 esse,
493 913 563 940 nec
580 914 605 940 a
623 909 661 941 te
675 901 850 941 alienius.
878 901 991 942 vale.

422 1065 540 1114 (28.)
569 1063 799 1105 MATIUS
829 1063 1114 1106 CICERONI
1142 1064 1184 1104 S.

295 1173 625 1226 (Argumentum.
633 1201 690 1209 --
701 1175 926 1228 Respondet
948 1174 1135 1227 superiori
1149 1173 1344 1214 Ciceronis
1356 1187 1370 1220 ς

242 1237 462 1281 purgatque
481 1243 522 1268 se
540 1230 721 1272 adversus
740 1231 1046 1283 vituperatores.)

294 1336 487 1390 Magnam
510 1341 748 1392 voluptatem
778 1353 827 1379 ex
859 1339 936 1379 tuis
964 1339 1083 1378 literis
1119 1338 1217 1391 cepi,
1251 1337 1371 1391 quod,

244 1404 364 1453 quam
401 1407 593 1445 speraram
626 1402 743 1447 atque
771 1395 964 1461 optaram,
992 1393 1134 1433 habere
1161 1400 1199 1431 te
1230 1392 1279 1432 de
1307 1405 1372 1431 me

239 1446 474 1497 opinionem,
508 1449 680 1500 cognovi.
724 1449 788 1488 De
817 1463 895 1502 qua
919 1448 989 1488 etsi
1019 1461 1097 1487 non
1125 1447 1370 1496 dubitabam,

239 1507 384 1549 tamen,
406 1502 499 1554 quia
515 1503 680 1542 maximi
706 1503 962 1552 aestimabam,
986 1511 1031 1542 ut
1049 1503 1270 1554 incorrupta
1286 1514 1373 1540 ma·

240 1563 362 1603 neret,
382 1556 618 1596 laborabam.
649 1558 834 1598 Conscius
853 1567 984 1597 autem
1012 1557 1113 1596 mihi
1131 1569 1251 1606 eram,
1271 1555 1371 1595 1111111

237 1622 262 1647 a
280 1622 344 1648 me
362 1612 612 1650 commissum
640 1626 733 1660 esse,
754 1613 861 1665 quod
878 1613 970 1652 boni
989 1613 1222 1674 cujusquam
1247 1610 1370 1650 offen-

239 1663 346 1703 deret
371 1665 559 1704 animum.
589 1667 652 1706 Eo
670 1668 801 1706 minus
820 1667 1036 1715 credebam,
1057 1665 1237 1719 plurimis
1254 1673 1373 1718 atque

239 1718 394 1770 optimis
413 1720 559 1760 artibus
577 1730 710 1761 ornato
730 1722 800 1761 tibi
819 1730 961 1761 temere
980 1721 1196 1774 quidquam
1214 1733 1373 1773 persua-

240 1771 321 1811 deri
342 1775 525 1826 potuisse,
554 1777 768 1828 praesertim
797 1777 839 1815 in
865 1789 984 1829 quem
1008 1789 1096 1815 mae.
1125 1787 1314 1827 propensa
1332 1781 1371 1813 et

241 1836 426 1880 perpetua
466 1830 600 1869 fuisset
638 1839 755 1884 atque
798 1839 895 1870 esset
926 1830 1202 1870 benevolentia.
1250 1828 1371 1877 Quod

241 1883 411 1933 quando,
431 1891 476 1922 ut
500 1885 620 1934 volui,
641 1886 718 1925 scio
737 1899 843 1933 esse3
873 1885 1109 1938 respondebo
1127 1884 1368 1932 criminibus,

242 1937 384 1988 quibus
403 1946 446 1976 tu
464 1952 535 2001 pro
560 1953 623 1978 me
649 1943 710 1984 (ut
727 1954 799 1993 par
823 1949 918 1990 erat,
950 1941 1019 1978 tua
1045 1939 1231 1991 singulari
1258 1937 1372 1977 boni-

241 1997 319 2030 tate
343 2000 381 2031 et
412 1994 582 2033 amicitia
615 1995 762 2043 nostra)
788 2008 888 2047 saepe
907 1994 1088 2033 restitisti.
1129 1993 1238 2033 Nota
1265 1992 1370 2032 enim

241 2046 339 2085 mihi
357 2056 461 2096 sunt,
482 2062 570 2100 quae
588 2049 629 2087 in
648 2061 712 2088 me
724 2057 812 2102 post
830 2049 991 2089 Caesaris
1008 2056 1173 2088 mortem
1198 2047 1370 2087 contule-

242 2099 330 2139 rint.

297 2155 348 2194 V
338 2156 406 2196 itio
424 2157 523 2196 mihi
541 2157 649 2206 dant,
669 2159 776 2211 quod
794 2168 959 2198 mortem
984 2157 1152 2197 hominis
1169 2156 1369 2196 necessarii

241 2211 406 2259 graviter
420 2213 514 2262 sero,
535 2222 651 2265 atque
670 2227 776 2263 eum,
796 2227 913 2266 quem
929 2213 1061 2262 dilexi,
1074 2212 1231 2265 periisse
1244 2210 1371 2261 indig-
