1481 2422
354 70 439 111 AD
468 69 767 112 DIVERSOS.
798 71 896 111 Lm.
917 71 996 111 XI.
1031 72 1094 111 14.
1216 72 1295 112 341

165 179 335 220 celeriter
367 179 579 219 exercitum
615 180 739 232 traJici
774 194 886 233 posse
919 180 1137 221 credebant.
1185 180 1298 229 Quos

164 235 239 287 ipsi
263 235 389 274 adhuc
406 235 498 274 satis
517 243 737 297 arroganter
754 236 1001 287 Allobroges,
1025 236 1297 288 equitatusque

163 289 304 339 omnis,
325 289 394 342 qui
412 303 456 328 eo
481 290 702 342 praemissus
729 297 810 328 erat
832 305 856 330 a
881 290 1005 338 nobis,
1033 290 1295 337 sustinebant3

163 351 388 406 nostroque·
387 344 554 383 adventu
567 345 745 383 sustineri
754 345 905 384 facilius
922 358 1010 396 poss
1012 358 1032 382 e
1052 345 1295 383 confidimus.

164 398 332 448 Tamen,
360 398 391 437 si
409 412 488 451 quo
507 399 623 438 etiam
651 412 741 438 casu
762 400 910 438 Isaram
930 412 969 437 se
988 399 1218 448 trajecerint,
1246 412 1296 438 ne

164 453 270 505 quod
297 453 574 492 detrimentum
605 454 827 506 reipublicae
851 455 1072 505 injungant,
1101 467 1255 492 summa
1273 467 1297 492 a

163 508 275 547 nobis
293 508 449 547 dabitur
466 521 594 561 opera.

217 563 302 602 Vos
319 575 508 614 magnum
528 564 704 602 animum
717 562 983 615 optimamque
998 576 1108 615 spem
1123 562 1171 601 de
1191 576 1298 601 sum-

164 616 231 656 mit
242 631 283 656 re
299 617 455 669 publica
472 618 612 656 habere
631 618 826 664 volumus,
847 631 937 656 cum
957 625 994 656 et
1007 631 1077 656 nos
1096 624 1133 656 et
1152 617 1297 656 exerci-

163 679 227 711 tus
245 680 407 720 nostros,
428 672 616 724 singulari
635 672 835 711 concordia
848 673 1083 722 conjunctos,
1101 672 1150 710 ad
1168 672 1300 710 omnia

163 739 235 780 pro
253 726 360 766 vobis
379 727 538 765 videatis
555 735 721 779 paratos.
762 727 839 766 Sed
861 735 991 765 tamen
1016 727 1115 765 nihil
1143 727 1191 765 de
1209 726 1298 764 dili-

163 781 294 833 gentia
312 781 504 821 remittere
532 782 691 829 debetis,
713 781 880 834 dareque
908 794 1078 834 operam,
1103 788 1149 820 ut
1176 793 1297 834 quam

162 836 409 888 paratissimi,
431 844 469 874 et
482 838 531 875 ab
547 836 717 875 exercitu
730 836 965 888 reliquisque
979 837 1107 883 rebus,
1128 849 1198 888 pro
1213 849 1297 874 ves-

160 890 224 930 tra
242 891 365 929 salute
377 898 507 930 contra
525 891 853 930 sceleratissimam
868 891 1189 943 conspirationem
1207 890 1297 929 hos-

161 945 263 984 tium
282 945 534 997 confligamus
551 959 563 992 ς
594 946 662 998 qui
681 946 840 998 quidem
860 959 922 985 eas
941 946 1081 998 copias,
1110 958 1207 997 quas
1226 944 1294 982 diu

161 1000 406 1039 simulatione
427 1000 483 1039 rei
506 1001 672 1052 publicae
698 1003 986 1053 comparabant,
1008 999 1135 1040 subito
1156 999 1206 1039 ad
1224 1012 1294 1052 pa-

158 1055 242 1095 triae
260 1055 478 1108 periculum
495 1063 775 1095 converterunt.
805 1055 918 1095 Vale.

157 1215 274 1270 (14.)
304 1216 366 1258 Μ.
380 1218 432 1258 Τ.
451 1216 499 1259 C.
525 1217 580 1257 D.
599 1217 819 1313 ΒξῑΙζΤΒ,
840 1217 964 1257 ΙΜΡ.
986 1215 1146 1257 CONS.
1167 1215 1290 1257 DES.

212 1382 540 1434 (Argumentum.
562 1404 608 1411 —
626 1382 744 1421 Bruti
771 1382 890 1421 literis
918 1381 1122 1435 respondet
1149 1382 1198 1420 de
1223 1381 1290 1420 de-

158 1438 349 1486 cemviris‚
370 1437 418 1476 de
442 1436 658 1489 legionibus
676 1437 945 1489 perducendis,
979 1437 1027 1475 de
1045 1436 1222 1489 pecunia,
1244 1436 1292 1475 de

158 1493 365 1532 hominum
397 1491 649 1531 admiratione
679 1494 728 1531 ob
758 1501 936 1531 renatum
966 1492 1145 1530 bellum:
1179 1492 1291 1541 cujus

160 1548 287 1587 exitus
305 1560 355 1586 ne
366 1546 562 1597 timeatur,
577 1546 695 1586 Bruti
708 1554 835 1598 partes
850 1554 887 1585 et
904 1559 1050 1585 munus
1069 1559 1149 1586 esse
1167 1546 1291 1594 dicit.)

215 1656 463 1705 Mirabiliter,
485 1654 543 1694 mi
567 1655 706 1704 Brute,
735 1657 859 1705 laetor,
882 1669 971 1695 mea
993 1655 1150 1695 consilia
1166 1668 1291 1694 meas-

162 1726 239 1764 que
257 1710 463 1750 sententias
481 1724 505 1749 a
529 1718 567 1749 te
584 1710 739 1762 probari
756 1710 804 1749 de
823 1711 1062 1759 decemviris,
1084 1711 1132 1749 de
1150 1722 1290 1748 ornan-

161 1768 211 1806 do
241 1766 490 1805 adolescente.
527 1765 604 1804 Sed
633 1765 729 1817 quid
753 1765 868 1804 refert
881 1767 899 1804 ’ἓ
938 1765 1046 1804 Mihi
1067 1765 1192 1812 crede,
1219 1765 1290 1803 ho-

159 1821 258 1861 mini
285 1833 364 1860 non
392 1820 580 1872 glorioso:
611 1820 726 1872 plane
744 1821 843 1870 jam,
877 1820 1016 1869 Brute,
1042 1820 1177 1872 frigeo.
1221 1826 1292 1869 Ορ-

157 1891 259 1924 γανον
278 1876 382 1915 enim
408 1882 490 1914 erat
516 1887 651 1913 meum
677 1882 855 1914 senatus:
885 1875 928 1913 id
949 1882 1006 1913 est
1020 1875 1104 1936 jam
1123 1873 1292 1912 dissolu-

157 1937 255 1970 tum.
290 1931 464 1969 Tantam
483 1942 592 1982 spem
610 1930 791 1968 attulerat
809 1930 1018 1982 exploratae
1036 1928 1204 1969 victoriae
1223 1935 1291 1966 tua

155 1986 338 2038 praeclara
356 1984 519 2023 Mutina
542 1984 707 2046 eruptio,
734 1984 829 2036 fuga
847 1984 1025 2033 Antonii,
1053 1983 1203 2023 conciso
1222 1995 1290 2020 ex-

156 2040 289 2089 ercitu,
309 2048 355 2079 ut
372 2039 551 2078 omnium
572 2039 694 2077 animi
716 2039 879 2078 relaxati
901 2038 990 2087 sint,
1018 2051 1194 2090 meaeque
1212 2036 1291 2075 111ae

155 2095 398 2134 vehementes
423 2093 685 2134 contentiones
717 2101 920 2147 tamquam
954 2108 1177 2145 σκιαμαχιαι
1207 2104 1289 2130 esse

153 2150 367 2189 videantur.

205 2204 296 2255 Sed,
328 2212 373 2245 ut
402 2203 452 2245 ad
481 2216 564 2245 rem
593 2203 762 2256 redeam,
800 2204 1006 2296 legignem3
1027 2201 1214 2242 Martiam
1247 2207 1283 2240 et

880 2285 903 2297 ..
926 2269 953 2296 G
