1501 2407
372 72 458 112 AD
486 72 785 114 DIVERSOS.
816 73 918 112 11113.
939 72 993 112 V.
1017 72 1089 118 17.
1221 71 1295 110 139

212 182 496 232 Quamobrem,
517 184 698 222 omnibus
721 181 855 222 officiis
882 181 1062 221 amicitiae
1089 180 1293 232 diligenter

157 252 183 278 a
199 251 264 276 me
282 244 389 276 sanct
375 251 488 289 eque
506 238 676 287 servatis,
703 250 752 276 ne
776 238 850 276 hoc
877 236 1034 289 quidem
1062 235 1292 287 praetermit-

157 292 320 332 tendum
340 305 421 330 esse
439 291 550 340 duxi,
571 300 609 331 te
636 302 682 331 ut
699 292 872 330 hortarer
896 303 1163 342 rogaremque,
1184 297 1228 327 ut
1253 296 1292 327 et

157 347 357 389 hominem
390 354 428 385 te
458 354 494 385 et
524 346 653 385 virum
684 360 764 385 0550
786 345 1039 393 meminisses,
1066 345 1109 382 id
1147 352 1218 390 ffit,
1245 351 1291 382 ut

157 413 406 441 communem
427 400 696 453 incertumque
715 414 861 448 casum,
883 413 1000 452 quem
1020 411 1147 451 neque
1172 398 1292 436 vitare

157 456 366 509 quisquam
385 458 574 503 nostrum,
595 468 666 494 nec
684 462 880 507 praestare,
908 455 989 492 ullo
1011 461 1123 505 pacto
1150 459 1289 504 potest,

156 510 356 571 sapienter
365 509 496 558 ferres,
517 521 554 548 et
573 510 696 549 dolori
721 510 869 548 fortiter
888 523 932 548 ac
949 509 1117 547 fortunae
1142 507 1290 546 resiste-

155 578 243 611 res3
275 563 550 615 cogitaresque,
572 572 609 603 et
627 565 668 602 in
687 564 817 602 nostra
840 563 1006 608 civitate,
1028 563 1124 600 etin
1149 561 1293 600 caeteris

155 633 246 671 quae
263 623 394 657 rerum
413 618 546 680 potitae
564 627 669 666 sunt,
690 618 824 656 multis
848 617 1063 656 fortissimis
1085 624 1202 667 atque
1220 629 1290 667 op-

156 673 263 713 timis
289 672 393 721 viris,
413 673 567 723 injustis
582 648 752 724 judiciis,
773 673 868 711 tales
887 685 995 711 casus
1014 671 1201 709 incidisse.
1235 670 1290 708 11-

154 727 226 767 lud
239 727 391 766 utinam
410 739 459 765 ne
479 741 565 766 vere
584 728 802 774 scriberem,
820 740 866 765 ea
880 734 917 765 te
931 726 1129 778 republica
1148 738 1288 772 carere,

155 783 198 822 in
218 796 298 835 qua
311 781 509 821 neminem
522 782 754 835 prudentem
768 781 969 822 hominem
988 793 1046 820 res
1065 780 1147 819 ulla
1166 779 1291 818 delec-

157 845 225 877 tet.

211 891 276 931 De
294 899 363 931 tuo
380 900 511 931 autem
530 892 624 941 filio,
641 906 784 942 vereor,
800 905 863 941 ne,
885 892 917 930 si
931 891 1030 930 1111111
1048 891 1099 929 ad
1117 897 1156 928 te
1173 889 1294 941 scrip·

156 947 286 995 serim,
315 947 492 986 debitum
517 948 600 998 ejus
625 947 760 986 virtuti
779 947 908 986 videar
928 945 1193 985 testimonium
1212 956 1292 983 non

156 1001 327 1041 dedisse:
359 1002 418 1040 sin
450 1009 582 1040 autem
613 1003 757 1049 omnia,
785 1015 873 1054 quae
903 1001 1038 1047 sentio,
1064 999 1293 1051 perscripse-

155 1056 258 1102 rim3
288 1069 338 1095 ne
356 1055 533 1095 refricem
551 1057 647 1095 meis
665 1057 786 1095 literis
805 1055 1037 1094 desiderium
1057 1068 1102 1093 ac
1119 1054 1292 1092 dolorem

156 1118 285 1150 tuum.
315 1110 394 1150 Sed
412 1118 542 1149 tamen
561 1110 860 1163 prudentissime
878 1110 1008 1156 facies,
1035 1110 1066 1147 si
1084 1109 1189 1147 illius
1207 1108 1290 1160 pies

156 1173 291 1214 tatem,
312 1165 509 1214 virtutem,
529 1165 775 1214 industriam,
799 1165 1037 1227 ubicumque
1066 1164 1152 1211 eris,
1180 1170 1290 1201 tuam

155 1233 250 1268 esse,
271 1227 400 1259 tecum
418 1233 511 1269 esse,
532 1220 669 1259 duces.
690 1233 762 1259 nec
773 1220 877 1258 enim
889 1219 1019 1257 minus
1036 1226 1165 1256 nostra
1184 1225 1289 1265 sunt,

154 1288 244 1327 quae
262 1274 393 1313 animo
419 1274 726 1326 complectimur,
751 1288 871 1336 quarn
900 1288 988 1326 quae
1016 1273 1137 1313 oculis
1163 1272 1291 1310 intue-

154 1341 257 1368 mur.
288 1329 558 1378 Quamobrem
586 1336 624 1368 et
649 1329 755 1368 1111115
775 1328 918 1368 eximia
937 1328 1072 1374 1111115,
1093 1339 1292 1366 summus-

155 1397 234 1436 que
249 1383 292 1423 in
310 1391 349 1423 te
368 1397 490 1445 amor,
520 1397 674 1446 magnae
692 1384 763 1423 tibi
782 1383 1031 1422 consolationi
1050 1382 1163 1420 debet
1183 1394 1287 1420 esse·
1275 1410 1289 1427 ,

154 1445 195 1478 et
212 1451 282 1478 nos
301 1438 518 1491 caeterique,
539 1439 609 1491 qui
627 1446 678 1487 te,
699 1452 777 1478 non
797 1452 846 1477 ex
863 1438 1035 1486 fortuna,
1056 1437 1122 1476 sed
1148 1450 1196 1475 ex
1215 1436 1292 1474 vir-

154 1499 239 1533 tute
250 1493 334 1541 tua,
346 1493 569 1556 pendimus,
591 1506 817 1555 semperque
835 1492 1076 1545 pendemus;
1107 1498 1158 1539 et,
1179 1504 1293 1529 max-

154 1547 248 1598 ime,
269 1548 392 1587 animi
409 1549 468 1587 tui
494 1548 743 1596 conscientia,
758 1561 848 1586 cum
868 1547 939 1586 tibi
956 1546 1055 1584 1111111
1073 1546 1211 1584 merito
1229 1559 1291 1584 ac-

156 1602 292 1642 cidisse
309 1603 531 1655 reputabis;
562 1603 593 1642 si
612 1611 649 1641 et
673 1603 772 1642 illud
790 1602 938 1653 adjum
940 1615 992 1649 es,
1015 1601 1209 1640 Homines
1228 1613 1290 1638 sa-

155 1657 304 1710 pientes
336 1657 591 1725 turpitudine,
622 1670 700 1696 non
730 1671 835 1705 casu,
863 1665 900 1695 et
930 1656 1068 1695 delicto
1098 1669 1182 1703 suo,
1210 1667 1290 1693 non

157 1712 352 1752 aliorum
340 1712 499 1762 mjuria,
520 1713 763 1751 commoveri.
804 1713 907 1763 Ego,
929 1718 967 1750 et
985 1710 1173 1749 memoria
1200 1723 1291 1748 nos-

155 1774 226 1806 trae
245 1767 380 1806 veteris
398 1766 591 1816 amicitiae,
613 1775 651 1806 et
669 1767 809 1806 virtute
828 1775 945 1818 atque
959 1765 1202 1804 observantia
1220 1764 1293 1802 filii

155 1821 230 1871 tui,
257 1821 441 1871 monitus,
475 1822 585 1860 nullo
610 1823 693 1861 loco
721 1822 848 1869 deero,
867 1833 994 1872 neque
1016 1820 1066 1866 ad
1091 1820 1290 1858 consolan-

155 1875 268 1924 dum,
283 1889 409 1929 neque
420 1876 470 1915 ad
482 1876 693 1915 levandum
703 1876 900 1915 fortunam
916 1883 1038 1914 tuam.
1070 1875 1137 1913 Tu
1150 1874 1183 1913 si
1195 1873 1291 1926 quid.

155 1929 207 1968 ad
224 1943 288 1969 me
306 1931 403 1969 forte
421 1930 628 1983 scripseris,
655 1931 867 1985 perficiam,
887 1943 936 1970 ne
955 1938 992 1970 te
1011 1929 1154 1969 frustra
1172 1941 1245 1968 scri
1230 1942 1291 1982 p-

160 1985 252 2025 sisse
271 1985 464 2026 arbitrere.
494 1986 607 2026 Vale.
