1501 2407
262 112 343 151 AD
372 110 670 151 DIVERSOS.
702 110 801 148 Lm.
834 110 958 149 VIII.
991 111 1025 149 l.
1128 111 1205 157 917

86 220 184 258 mihi
202 221 470 260 suavissimum
490 220 552 269 sit,
563 216 610 258 'et
631 226 829 272 occupato,
849 227 887 258 et
905 219 954 258 ad
972 219 1100 258 literas
1118 221 1208 259 scri-

86 275 229 314 bendas
249 276 313 327 (ut
338 282 381 313 tu
410 274 528 322 nosti)
558 274 780 326 pigerrimo,
807 283 885 313 tuae
905 274 1101 312 memoriae
1119 275 1210 313 dare

84 341 254 380 operam.
283 329 359 368 Sed
377 329 507 381 ipsum
528 329 724 376 volumen,
748 328 854 380 quod
872 328 942 366 tibi
959 328 1062 375 misi,
1082 329 1207 376 facile,

85 390 130 421 ut
148 396 218 435 ego
237 384 411 432 arbitror,
444 397 507 421 me
526 391 694 422 excusat.
724 383 865 421 Nescio
884 384 993 432 cujus
1012 383 1080 420 otii
1098 390 1206 431 esset,

83 448 162 475 non
190 438 306 476 modo
324 438 554 489 perscribere
578 438 673 485 haec,
695 437 760 476 sed
785 437 943 475 omnino
967 437 1208 475 animadver-

83 498 174 530 tere.
207 493 356 532 Omnia
374 492 477 531 enim
496 500 586 531 sunt
613 492 668 530 ibi
688 492 1043 539 senatus-consulta,
1071 491 1207 539 edicta,

82 545 238 596 fabulae,
269 560 442 585 rumores
459 561 469 585 ε
501 547 606 599 quod
635 547 858 597 exemplum
890 546 922 584 si
953 546 1050 583 forte
1078 547 1209 584 minus

83 606 122 638 te
140 600 362 647 delectarit3
391 614 441 640 ne
462 601 678 640 molestiam
703 601 775 639 tibi
801 613 890 639 cum
915 600 1090 651 impensa
1120 600 1208 638 mea

83 655 302 704 exhibeam,
321 655 381 694 fac
400 669 463 694 me
482 655 690 694 certiorem.

138 710 181 749 Si
200 710 294 762 quid
312 710 352 748 in
379 723 419 748 re
437 711 595 762 publica
617 710 743 759 majus
769 716 898 748 actum
919 709 1002 757 erit,
1024 708 1127 760 quod
1146 708 1209 747 isti

82 765 245 816 operarii
262 765 392 803 minus
405 764 606 803 commode
623 764 800 816 persequi
811 764 957 815 possint
971 777 982 808 3
1015 771 1051 801 et
1071 776 1208 815 quem-

81 819 294 857 admodum
314 827 444 858 actum
464 819 525 866 sit,
543 827 580 857 et
599 832 685 870 quae
704 818 934 856 existimatio
946 826 1088 866 secuta,
1102 831 1209 869 quae-

56 899 59 901 -
83 887 160 926 que
178 873 227 911 de
245 887 289 912 eo
312 887 397 925 spes
427 874 488 921 sit,
509 873 712 924 diligenter
733 873 805 911 tibi
834 872 1123 924 pei-scribemus.
1150 873 1208 911 Ut

81 940 186 967 nunc
206 937 276 976 est,
303 928 412 966 nulla
441 940 674 979 magnopere
697 927 928 978 exspectatio
946 934 1013 964 est.
1045 926 1151 964 Nam
1172 933 1208 964 et

81 982 140 1021 illi
158 995 330 1021 rumores
348 982 396 1021 de
415 982 577 1021 comitiis
596 982 965 1033 Transpadanorum
991 980 1208 1019 Cumarum

81 1044 193 1076 tenus
212 1037 436 1076 caluerunt:
467 1038 639 1075 Romam
658 1049 747 1074 cum
768 1035 969 1083 venissem,
996 1047 1045 1072 ne
1064 1035 1208 1073 tenuis-

80 1091 220 1143 simam
239 1091 397 1144 quidem
412 1091 647 1129 auditionem
663 1090 710 1128 de
729 1091 774 1129 ea
792 1103 831 1128 re
850 1089 988 1141 accepi.
1019 1089 1209 1128 Praeterea

80 1146 310 1193 BIarcellus,
330 1146 435 1198 quod
463 1145 589 1183 adhuc
618 1145 716 1183 nihil
744 1145 874 1183 retulit
902 1144 950 1182 de
976 1144 1209 1182 successione

83 1199 408 1252 [provinciarum]
432 1200 650 1238 Galliarum
668 1213 680 1244 ;
711 1207 748 1237 et
778 1199 818 1236 in
850 1197 1038 1236 Calendas
1064 1198 1093 1236 J
1097 1198 1207 1237 unias

83 1257 148 1308 (ut
176 1255 275 1293 mihi
298 1255 381 1306 ipse
401 1253 517 1304 dixit)
551 1267 636 1292 eam
659 1253 808 1291 distulit
833 1252 1055 1290 relationem
1074 1266 1086 1298 3
1116 1259 1207 1291 sane

81 1323 202 1362 quam
220 1322 284 1348 eos
302 1321 494 1347 sermones
506 1308 703 1360 expressit,
721 1308 789 1360 qui
808 1307 855 1345 de
871 1320 914 1345 eo
929 1314 1014 1344 tum
1032 1306 1205 1356 fuerunt,

79 1377 170 1403 cum
189 1365 329 1403 Romae
345 1376 416 1401 nos
431 1376 610 1402 essemus.
642 1363 708 1400 Tu
723 1363 756 1400 si
777 1361 1024 1413 Pompeium,
1040 1369 1085 1399 ut
1103 1361 1207 1399 vole-

78 1421 162 1466 bas,
182 1418 373 1457 offendisti
389 1431 402 1463 3
432 1417 501 1469 qui
515 1417 585 1455 tibi
603 1417 706 1456 visus
721 1417 783 1465 sit,
800 1423 838 1454 et
857 1428 975 1467 quam
995 1415 1207 1454 orationem

79 1473 259 1512 habuerit
286 1480 429 1521 tecum,
472 1485 669 1523 quamque
708 1470 915 1509 ostenderit
951 1470 1204 1519 voluntatem,

82 1528 197 1580 (solet
216 1527 321 1566 enim
340 1527 447 1565 aliud
466 1526 604 1565 sentire
623 1534 660 1564 et
671 1525 794 1577 loqui,
815 1537 940 1576 neque
965 1532 1118 1562 tantum
1138 1538 1206 1562 va·
1259 1541 1265 1545 ·

79 1583 158 1621 lere
174 1582 344 1633 ingenio,
364 1589 410 1620 ut
427 1594 505 1619 non
531 1587 727 1632 appareat,
748 1579 844 1632 quid
862 1577 1009 1630 cupiat)
1031 1578 1091 1617 fac
1109 1578 1207 1617 mihi

79 1636 302 1689 perscribas.

135 1691 257 1740 Quod
274 1691 324 1729 ad
346 1691 552 1737 Caesarem,
580 1689 703 1729 crebri
728 1697 765 1728 et
790 1701 868 1727 non
897 1687 991 1727 belli
1009 1687 1057 1726 de
1080 1700 1124 1725 eo
1142 1700 1208 1726 ru-

81 1758 207 1784 mores
223 1760 234 1784 :
275 1745 342 1784 sed
374 1753 628 1784 susurratores
665 1744 855 1782 duntaxat
891 1742 1052 1781 veniunt
1068 1756 1078 1780 ε
1109 1741 1208 1780 alius

82 1800 252 1851 equitem
270 1800 492 1851 perdidisse,
513 1799 634 1851 quod,
654 1798 804 1850 opinor,
834 1805 934 1836 certe
951 1796 1098 1835 factum
1124 1804 1180 1834 est
1194 1810 1206 1834 z

81 1854 180 1893 alius
209 1854 413 1906 aeptimam
443 1854 634 1905 legionem
668 1851 868 1904 vapulasse
884 1865 896 1897 ς
936 1851 1066 1902 ipsum
1103 1849 1210 1903 apud

81 1909 308 1947 Bellovacos
325 1907 608 1955 circumsederi,
633 1907 884 1946 interclusum
904 1907 953 1944 ab
971 1905 1121 1956 reliquo
1141 1918 1210 1943 ex-

80 1963 224 2001 ercitux
257 1975 385 2014 neque
402 1962 529 2001 adhuc
551 1962 643 2000 certi
661 1960 876 2013 quidquam
895 1967 964 2008 est,
984 1972 1110 2010 neque
1127 1959 1210 1997 haec

80 2017 226 2055 incerta
259 2025 388 2055 tamen
421 2016 538 2067 vulgo
565 2017 759 2066 jactantur
775 2029 786 2061 3
828 2014 895 2053 sed
925 2014 1025 2052 inter
1053 2026 1208 2064 paucos,

82 2084 179 2122 quos
197 2078 242 2110 tu
260 2071 377 2120 nosti,
399 2070 570 2122 [palam]
589 2077 730 2109 secreto
748 2076 977 2107 narrantur:
1009 2074 1049 2106 at
1068 2066 1211 2105 Domi-

82 2125 174 2173 tius,
194 2138 284 2164 cum
302 2138 442 2164 manus
461 2124 511 2163 ad
528 2137 569 2163 os
588 2124 779 2176 apposuit.

135 2179 198 2218 Te
211 2193 246 2218 a.
262 2179 301 2217 d.
322 2180 388 2218 IX
400 2179 487 2219 Cal.
502 2179 531 2217 J
535 2179 618 2216 unii
636 2177 886 2225 subrostrani,
909 2176 1032 2228 (quod
1045 2176 1211 2214 *illorum

81 2233 198 2286 capiti
221 2234 270 2273 sit
287 2232 322 2280 ἔ)
350 2233 582 2284 dissiparant
601 2233 782 2285 periisse3
812 2232 867 2270 ita
898 2240 943 2269 ut
972 2232 1018 2268 in
1043 2232 1140 2269 urbe
1169 2243 1211 2269 ac

139 2287 309 2340 (Epist.)
333 2299 440 2328 vor„
465 2299 494 2326 ῐ.
905 2297 933 2324 u
