1481 2422
196 84 278 128 274
388 83 473 123 AD
501 84 805 124 DlVERSOS.
835 84 938 123 Lus.
965 81 1043 123 IX.
1070 79 1138 121 22.

253 192 452 232 Socratem
480 193 623 233 fidibus
655 193 786 233 docuit
814 192 1077 233 nobilissimus
1104 189 1258 230 fidicen.
1288 188 1331 228 Is

199 245 359 285 Connus
390 248 577 287 vocitatus
603 256 672 287 est.
714 249 828 287 Num
857 248 899 286 id
928 250 1151 287 obscoenum
1179 251 1294 297 putas
1309 245 1330 282 ‚⁹

199 300 305 340 Cum
323 302 523 355 loquimur
541 305 659 351 terni,
686 303 786 341 nihil
803 302 940 354 flagitii
958 301 1142 341 dicimus:
1163 307 1219 348 at,
1239 310 1330 337 cum

197 356 294 405 bini,
315 358 537 396 obscoenum
556 366 625 397 est.
658 357 802 396 Graecis
821 357 996 410 quidem,
1023 354 1188 408 inquies.
1220 351 1334 391 Nihil

197 417 256 448 est
285 423 375 463 ergo
407 411 447 450 in
480 414 622 459 verbo3
659 412 816 465 quando
845 421 883 451 et
911 425 982 464 ego
1013 410 1148 449 Graece
1176 407 1269 456 scio,
1295 412 1335 445 et

197 471 330 504 tamen
362 466 434 505 tibi
470 466 569 514 dico,
609 469 688 505 bini
705 482 719 504 .-
749 467 867 519 idque
897 474 941 504 tu
973 465 1081 514 facis,
1116 462 1227 516 quasi
1260 473 1332 513 ego

200 519 350 570 Graece,
377 533 456 560 non
477 521 632 571 Latine,
652 521 832 560 dixerim.
864 522 990 570 Ruta,
1011 528 1049 559 et
1068 523 1211 565 menta,
1230 523 1333 555 recte

198 581 424 627 utrumque.
456 575 560 614 Volo
589 584 762 614 mentam
781 576 965 628 pusillam
983 576 1038 614 ita
1061 572 1266 626 appellare,
1286 577 1332 609 ut

197 629 395 668 rutulam:
427 643 505 668 non
519 630 622 669 licet.
654 631 769 670 Bella
779 630 1000 669 tecmriola:
1030 628 1092 668 dic
1105 639 1196 679 ergo
1214 625 1333 665 etiam

199 683 423 735 pavimenta
441 685 514 723 isto
533 684 649 723 modo
666 700 676 723 :
707 697 786 723 non
800 692 922 736 potes.

255 737 413 777 Vide'n'
441 739 560 790 igitur
578 739 677 778 nihil
695 752 790 787 esse,
814 739 888 777 nisi
906 738 1095 791 ineptiasg
1124 733 1336 788 turpitudin-

199 803 292 830 nem
310 805 380 832 nec
409 793 450 831 in
470 795 586 832 verbo
609 807 702 843 esse,
723 806 793 833 nec
814 794 855 832 in
881 807 949 840 re;
979 794 1111 845 itaque
1140 801 1335 843 nusquam

201 846 314 885 esse?
356 848 484 899 Igitur
516 848 557 886 in
587 849 714 888 verbis
743 848 912 887 honestis
942 850 1118 887 obscoena
1135 845 1333 898 ponimus.

203 900 315 949 Quid
342 903 446 941 enim
461 905 479 942 Ρ
520 915 598 942 non
630 903 838 942 honestum
870 905 1033 942 verbum
1065 909 1122 941 est
1159 898 1336 939 divisio?

203 956 264 994 At
277 956 377 995 inest
391 959 628 1007 obscoenum,
642 958 705 996 cui
717 957 920 1010 respondet
938 955 1196 1008 intercapedo.
1227 954 1343 993 Num

204 1009 287 1049 haec
306 1024 396 1063 ergo
415 1014 590 1051 obseoena
609 1015 730 1051 sunt?
761 1013 847 1051 Nos
871 1020 1004 1051 autem
1022 1010 1197 1050 ridicule.
1227 1009 1270 1048 Si
1284 1007 1344 1046 di-

205 1064 344 1115 cimus,
374 1066 440 1105 ine
458 1076 606 1118 patrem
639 1066 906 1119 strangulavit,
933 1066 1120 1106 honorem
1139 1076 1217 1103 non
1245 1075 1346 1116 prae-

205 1119 348 1161 famur.
380 1121 450 1161 Sin
485 1121 534 1160 de
562 1121 730 1161 Aurelia
762 1121 912 1173 aliquid
940 1129 1009 1160 aut
1042 1119 1188 1168 Lollia,
1221 1117 1345 1156 honos

205 1174 428 1227 praefandus
454 1184 525 1215 est.
557 1177 614 1216 Et
633 1176 792 1229 quidem
814 1177 897 1227 jam
923 1176 1041 1215 etiam
1059 1187 1138 1214 non
1167 1174 1346 1212 obscoena

205 1232 322 1269 verba
340 1243 410 1282 pro
433 1233 617 1271 obscoenis
646 1238 751 1270 sunt.
782 1233 941 1278 Ratun,
967 1230 1110 1283 inquit,
1136 1226 1345 1281 impuden-

206 1291 290 1330 ter;
322 1287 448 1336 clepsit
465 1287 593 1325 multo
619 1286 899 1338 impudentius.
929 1285 1059 1338 Atqui
1084 1291 1268 1323 neutrum
1286 1287 1345 1320 aet

205 1340 445 1379 obscoenum.
479 1339 709 1391 [stultorum
734 1341 851 1393 plena
874 1348 967 1380 sunt
993 1339 1160 1392 omnia]
1197 1339 1343 1384 Testes,

208 1395 372 1433 verbum
401 1395 718 1434 honestissimum
750 1396 792 1434 in
820 1395 968 1446 judicio
985 1410 997 1434 z
1027 1394 1104 1433 alio
1135 1393 1234 1441 loco,
1265 1402 1346 1429 non

208 1448 341 1487 nimis.
372 1450 433 1487 At
463 1450 614 1489 honesti
643 1452 738 1489 colei
763 1449 988 1488 Lanuvini:
1020 1447 1240 1495 Cliternini,
1267 1456 1347 1484 non

206 1502 373 1543 honesti.
404 1503 515 1552 Quid
531 1507 549 1544 Ρ
576 1505 659 1557 ipsa
672 1518 732 1544 τω
744 1504 861 1544 modo
871 1505 1047 1553 honesta,
1062 1503 1180 1542 modo
1191 1501 1346 1554 turpis?

211 1558 433 1609 Suppedit3
464 1559 657 1611 flagitium
677 1567 757 1599 est:
784 1561 870 1610 jam
890 1559 962 1599 erit
979 1558 1110 1598 nudus
1128 1557 1170 1596 in
1188 1556 1344 1604 balneo,

210 1623 290 1650 non
311 1613 580 1665 reprehendes.

267 1667 402 1707 Habes
435 1668 605 1708 scholam
635 1670 820 1719 Stoicam,
847 1671 862 1706 ὅ
896 1677 1010 1720 σοφος
1035 1666 1344 1717 ευθυῤῥημονησει.

210 1720 347 1770 Quam
378 1723 504 1762 multa
527 1737 576 1762 ex
602 1737 682 1764 uno
711 1725 829 1763 verbo
853 1723 949 1763 tuo!
981 1723 1044 1762 Te
1072 1721 1253 1761 adversus
1280 1731 1346 1759 me

210 1777 344 1815 omnia
373 1777 514 1817 audere
546 1789 701 1830 gratum
740 1787 808 1818 est.
860 1778 950 1830 Ego
982 1789 1092 1817 servo
1120 1784 1159 1815 et
1188 1775 1347 1815 servabo

214 1831 287 1883 (sic
299 1832 402 1870 enim
417 1832 585 1883 assuevi)
608 1834 782 1872 Platonis
802 1832 1084 1873 verecundiam.
1112 1829 1251 1882 Itaque
1268 1837 1347 1868 tec-

212 1887 262 1924 tis
293 1887 417 1926 verbis
450 1900 494 1925 ea
523 1888 573 1926 ad
598 1897 635 1927 te
660 1888 807 1941 scripsi,
832 1901 920 1940 quae
945 1885 1196 1940 apertissimis
1221 1891 1347 1936 agunt

214 1941 344 1981 Stoici.
374 1942 451 1981 Sed
470 1942 527 1980 illi
548 1943 665 1981 etiam
685 1943 850 1995 crepitus
873 1942 984 1981 aiunt
1008 1954 1119 1993 aeque
1140 1941 1280 1980 liberos
1301 1951 1347 1978 ac

214 2006 347 2035 ructus
367 2009 446 2036 esse
464 2006 649 2048 oportere.
680 1997 883 2036 Honorem
899 1996 1018 2050 igitur
1032 1995 1214 2037 Calendis
1234 1993 1346 2034 Mar-

214 2051 290 2090 tiis.
321 2050 387 2090 Tu
407 2064 471 2090 me
489 2052 640 2104 diliges,
662 2060 700 2091 et
718 2052 875 2091 valebis.
