1501 2407
260 89 337 127 222
436 85 520 125 AD
550 83 846 126 DIVERSOS.
875 85 976 124 Lm.
1006 83 1130 123 VIII.
1160 87 1198 122 5.

315 194 378 234 De
403 207 443 234 re
460 194 617 246 publica
631 196 714 244 jam
732 193 823 232 novi
847 192 1061 245 quidquam
1079 201 1297 245 exspectare
1313 195 1380 234 de-

262 250 472 288 sieramus:
504 249 583 297 sed,
604 261 693 286 cum
715 255 868 286 senatus
889 247 1045 286 habitus
1063 256 1159 286 esset
1187 248 1236 286 ad
1253 248 1382 301 Apol-

261 303 365 349 linis,
385 316 419 341 3.
440 302 478 340 d.
498 302 563 341 XI
585 302 742 340 calend.
763 301 939 349 Sextiles,
966 308 1004 340 et
1021 301 1221 340 referretur
1238 301 1287 341 de
1315 303 1384 342 sti-

263 356 403 409 pendio
423 356 494 395 Cn.
517 356 706 408 Pompeii,
726 355 871 394 mentio
898 355 999 393 facta
1017 363 1072 393 est
1090 355 1138 393 de
1154 356 1306 407 legione
1324 356 1383 405 ea,

264 423 383 462 quam
403 423 610 462 expensam
629 410 718 448 tulit
740 409 785 454 C.
809 409 950 447 Caesari
969 409 1193 460 Pompeius,
1214 422 1291 461 quo
1309 422 1387 449 nu..

266 477 372 502 mero
392 472 502 511 esset,
529 477 607 516 quo
625 470 877 514 appeteretur.
908 462 1026 510 Cum,
1047 475 1095 500 ex
1115 463 1260 511 Gallia,
1280 477 1388 503 coac-

266 526 330 559 tus
349 526 444 556 esset
462 518 584 557 dicere
603 516 826 568 Pompeius,
847 529 886 554 se
903 517 1093 567 legionem
1111 517 1386 567 abducturum,

267 572 333 612 sed
351 584 428 610 non
447 572 574 609 statim
595 573 665 610 sub
684 570 919 609 mentionem
949 577 986 608 et
1010 570 1224 608 convicium
1243 573 1389 611 obtrec-

269 634 437 665 tatorum
453 639 464 671 ;
494 625 584 662 inde
602 625 855 674 interrogatus
874 623 920 661 de
943 624 1177 662 successione
1196 625 1241 663 C.
1263 625 1390 664 03353-

269 680 352 718 ris.
343 694 352 703 ·
383 679 430 717 de
449 679 542 730 qua,
575 677 667 727 [hoc
686 685 755 724 est,
779 677 826 714 de
844 677 1083 734 provinciis,]
1113 679 1301 729 placitum
1319 687 1390 729 est,

271 741 316 772 ut
334 746 452 785 quam
471 733 641 783 primum
661 731 711 769 ad
729 731 878 769 Urbem
903 744 967 769 rev
970 739 1152 770 erteretur
1177 732 1250 771 Cn.
1271 733 1391 772 Pom-

271 788 395 839 peius,
416 793 460 823 ut
479 798 607 824 coram
626 798 669 823 eo
689 785 735 823 de
754 785 986 824 successione
1002 785 1286 836 provinciarum
1303 800 1393 839 age-

272 848 387 880 retur.
418 840 526 878 Nam
544 838 702 877 Arimin
706 852 774 876 um
790 838 839 876 ad
858 839 1067 883 exercitum
1086 839 1295 892 Pompeius
1311 848 1394 879 erat

273 895 422 932 iturus:
454 901 491 931 et
523 893 652 932 statim
673 893 730 939 iit.
761 893 865 930 Puto
898 893 1033 932 Idibus
1059 893 1192 932 Sextil.
1219 894 1268 933 de
1289 908 1336 933 63
1353 908 1395 936 re

274 956 402 987 actum
422 947 481 986 iri.
512 947 687 991 Profecto
706 954 774 984 aut
790 947 1020 998 transigetur
1038 947 1199 999 aliquid,
1220 955 1288 986 aut
1313 955 1396 987 tur-

275 1003 374 1054 piter
391 1001 654 1040 intercedetur.
685 1001 793 1039 Nam
807 1000 845 1038 in
862 1001 1092 1052 disputando
1109 1002 1271 1051 conjecit
1286 1002 1396 1041 illam

276 1069 407 1094 vocem
429 1054 502 1094 Cn.
524 1055 747 1106 Pompeius,
767 1054 917 1093 Omnes
935 1062 1106 1106 0p01tere
1130 1057 1278 1094 senatui
1295 1057 1397 1096 dicto

277 1110 473 1148 audientes
492 1122 581 1147 esse.
611 1108 699 1159 Ego
718 1117 848 1146 tamen
877 1109 931 1147 sic
958 1108 1057 1146 nihil
1079 1117 1270 1160 exspecto,
1300 1123 1397 1162 quo-

277 1164 393 1202 modo
424 1163 825 1211 Ρ31111111,001151116111
844 1162 1102 1214 designatum,
1121 1163 1293 1252 primum
1312 1176 1397 1203 sen-

278 1218 438 1256 tentiam
457 1217 656 1255 dicentem.

335 1271 484 1322 Saepius
502 1279 540 1309 te
559 1271 645 1308 adm
650 1284 697 1309 or.-
701 1284 744 1310 eo
763 1271 811 1309 de
829 1268 1046 1322 syngrapha
1064 1270 1255 1309 Sittiana.
1285 1246 1399 1323 cupio

281 1326 385 1364 enim
405 1334 442 1363 te
459 1325 684 1375 intelligere,
704 1338 787 1363 eam
807 1337 888 1363 rem
918 1324 967 1362 ad
985 1337 1048 1362 me
1066 1325 1176 1363 valde
1194 1325 1394 1376 pertinere.

283 1381 382 1418 Item
416 1379 463 1417 de
481 1379 689 1430 pantheris,
710 1387 753 1416 ut
780 1378 979 1428 Cibyratas
999 1391 1173 1427 arcessas,
1200 1392 1397 1431 curesque,

281 1442 326 1471 ut
344 1433 442 1470 mihi
460 1440 655 1471 venentur.
685 1433 874 1471 Praeterea
891 1432 1111 1470 nuntiatum
1130 1433 1253 1481 nobis,
1274 1441 1311 1471 et
1327 1447 1398 1485 pro

283 1494 383 1525 certo
399 1488 480 1536 jam
499 1487 675 1535 habetur,
706 1499 833 1537 regem
852 1485 1164 1531 Alexandrinum
1185 1494 1396 1527 mortuum.

284 1540 393 1588 Quid
407 1540 505 1578 mihi
517 1540 688 1587 suadeas,
702 1539 895 1591 quomodo
905 1552 1069 1590 regnum
1079 1540 1179 1578 fflud
1192 1554 1231 1579 se
1243 1540 1397 1590 habeat,

280 1594 588 1739 gui.{sspr‹2c111.ezt7
621 1594 822 1645 diligenter
844 1593 943 1638 mihi
970 1593 1190 1681 perscribas.
1219 1594 1398 1638 Calendis

310 1661 357 1687 ex

476 1816 564 1863 (5.)
593 1814 815 1854 COELIUS
844 1813 1123 1855 CICERONI
1159 1814 1198 1853 S.

343 1917 666 1968 (Argumentum.
673 1906 847 1959 —Metu
837 1934 913 1960 ere
923 1935 962 1960 se
977 1921 1149 1960 Ciceroni
1156 1918 1342 1970 significat
1352 1929 1401 1954 ex

289 1971 460 2011 Parthici
481 1974 573 2012 belli
602 1974 721 2035 fama,
748 1976 797 2013 ob
825 1976 1056 2026 paucitatem
1080 1975 1275 2025 copiarum
1305 1972 1399 2021 ejus.

289 2025 415 2064 Addit
445 2027 492 2065 de
521 2028 752 2067 successione
780 2029 1075 2080 provinciarum,
1104 2029 1264 2088 ejusque
1285 2023 1402 2063 tardi-

290 2086 377 2117 tate.
409 2081 558 2132 Scripta
575 2082 691 2133 paulo
710 2092 795 2133 post
819 2083 1076 2134 superiorem.
1106 2081 1259 2133 utrique
1286 2078 1402 2118 etiam

289 2133 368 2172 una
386 2135 586 2186 respondet
605 2136 751 2184 Cicero,
772 2150 860 2188 quae
877 2145 933 2176 est
949 2137 1016 2176 lib.
1038 2137 1083 2175 ΙΙ
1103 2131 1281 2183 decima.)
