1501 2407
225 148 239 155 -
285 116 368 155 AD
397 115 694 157 DIVERSOS.
725 116 824 155 Lm.
846 116 897 155 V.
929 115 994 154 21.
1126 114 1205 158 147

87 235 270 275 pugnare.
299 224 375 263 Sed
400 232 437 264 et
454 225 536 264 haec
554 235 592 264 et
609 225 733 264 multa
751 224 825 263 alia
843 236 970 263 001301
984 221 1090 263 brevi
1104 228 1202 261 tem-

85 290 177 330 pore
193 277 333 317 licebit.

139 331 280 383 Neque
303 345 367 371 me
390 340 520 372 tamen
544 334 625 372 ulla
651 346 710 372 res
737 332 812 371 3113
831 332 968 370 Romae
992 336 1108 379 tenet,
1128 328 1202 367 0151

87 386 315 436 exspectatio
342 400 471 425 rerum
488 387 786 426 Africanarum:
817 386 967 424 videtur
985 385 1087 423 enim
1104 383 1203 421 mihi

85 451 145 477 res
163 439 203 477 in
221 441 482 493 propinquum
507 442 672 480 adducta
693 440 906 480 discrimen.
945 439 1047 478 Puto
1072 446 1202 476 autem

87 492 176 531 mea
193 495 368 533 nonnihil
386 495 576 543 interesse,
606 499 861 548 (quamquam
879 493 920 532 id
944 494 1088 545 ipsum,
1109 491 1203 543 quid

84 545 244 595 intersit,
271 561 348 587 non
374 562 463 588 5300
491 548 681 601 intelligo)
703 556 980 595 verumtamen,
1013 545 1202 598 quidquid

84 599 191 640 illinc
208 603 429 641 nuntiatum
449 604 510 652 sit,
530 616 607 642 non
625 605 739 665 longe
753 605 881 642 abesse
894 615 916 640 a
930 600 1092 640 consiliis
1105 599 1203 638 ami-

86 667 230 694 corum.
259 657 333 695 Est
344 658 446 696 enim
465 671 523 696 res
538 659 621 708 jam
640 658 680 696 in
700 670 789 696 eum
802 657 931 695 locum
945 655 1122 702 adducta,
1142 659 1200 703 ut,

87 721 327 762 quamquam
344 712 515 750 multum
542 712 690 750 intersit
706 712 812 750 inter
830 723 961 750 eorum
987 721 1117 748 causas
1136 707 1205 758 qui

87 762 284 813 dimicant,
309 772 437 804 tamen
455 766 553 805 inter
571 766 743 805 victorias
761 778 838 804 non
856 765 1025 802 multum
1043 762 1205 800 interfu-

87 823 220 855 turum
247 826 394 870 putem.
435 820 510 858 Sed
536 821 651 872 plane
669 820 833 867 animus,
861 819 929 870 qui
947 817 1072 856 dubiis
1090 817 1204 854 rebus

86 870 244 910 forsitan
275 873 391 912 fuerit
415 874 616 923 infirmior,
645 873 850 926 desperatis
875 872 1120 911 confirmatus
1146 875 1202 907 est

86 926 280 965 multum.
312 941 427 979 quem
450 928 565 966 etiam
593 936 670 966 tuae
696 928 904 979 superiores
930 926 1049 964 literae
1067 923 1203 963 confir-

83 979 265 1043 marunt,
289 982 429 1043 quibus
456 982 642 1029 intellexi,
681 994 798 1034 quam
836 980 982 1019 fortiter
1017 978 1199 1029 injuriam

83 1032 223 1073 ferres·
250 1036 428 1087 juvitque
454 1049 532 1084 me,
562 1036 632 1075 tibi
650 1049 739 1075 cum
764 1047 958 1074 summam
981 1033 1204 1072 humanita-

85 1093 179 1135 tem,
200 1095 285 1127 tum
305 1090 419 1128 etiam
438 1098 524 1130 tuas
540 1090 681 1138 literas,
700 1089 899 1142 profuisse.
928 1088 1078 1127 Verum
1097 1086 1199 1124 enim

85 1141 272 1182 scribam.
303 1145 487 1182 teneriore
509 1144 607 1182 mihi
626 1145 754 1183 animo
772 1143 972 1188 videbare,
1003 1142 1100 1180 sicut
1117 1153 1201 1178 om-

82 1206 151 1237 nes
163 1195 255 1247 fere,
276 1198 344 1249 qui
356 1198 435 1237 vita
451 1198 634 1250 ingenua,
653 1199 695 1237 in
713 1198 826 1237 beata
844 1196 994 1236 civitate
1012 1204 1050 1234 et
1062 1194 1197 1244 libera,

83 1248 266 1293 viximus.

137 1305 229 1354 Sed,
256 1313 302 1344 ut
329 1306 397 1345 illa
418 1307 583 1346 secunda
608 1306 803 1345 moderate
829 1306 1005 1353 tulimus,
1035 1304 1087 1342 510
1103 1303 1203 1344 hanc

81 1369 161 1397 non
173 1333 298 1398 solum
313 1361 523 1411 adversam,
539 1361 604 1401 sed
617 1361 791 1400 funditus
810 1374 992 1407 eversam,
1007 1359 1204 1397 fortunam

82 1411 230 1452 fortiter
246 1414 344 1453 ferre
370 1415 582 1462 debemus3
611 1422 657 1454 ut
687 1415 759 1454 hoc
788 1415 922 1453 saltem
951 1414 992 1452 in
1020 1411 1202 1451 maximis

83 1467 197 1506 malis
214 1469 307 1507 boni
331 1482 622 1522 consequamur,
649 1477 694 1508 ut
717 1476 895 1518 mortem,
921 1471 1056 1520 (quam
1086 1466 1201 1504 etiam

84 1521 189 1561 beati
205 1530 445 1563 contemnere
464 1524 683 1572 debeamus,
703 1530 902 1576 propterea
924 1521 1029 1574 quod
1046 1521 1202 1560 nullum

83 1588 240 1615 sensum
259 1585 356 1617 asset
375 1577 569 1627 habitura)
594 1590 711 1627 nunc,
739 1578 790 1616 sic
819 1577 956 1626 affecti,
982 1588 1060 1614 non
1087 1574 1203 1613 medo

85 1637 326 1670 contemnere
343 1631 564 1693 debeamus,
585 1632 650 1671 sed
670 1632 785 1670 etiam
803 1639 946 1683 optare.
986 1630 1068 1678 Tu,
1089 1629 1120 1667 51
1138 1641 1204 1666 010

86 1683 227 1736 (1111ἕί5,
241 1685 390 1724 fruere
378 1694 450 1725 1sto
462 1687 564 1732 otio;
595 1686 740 1738 tibique
757 1685 957 1746 persuade,
972 1692 1109 1737 praeter
1123 1683 1205 1721 cul-

81 1751 177 1790 pam
195 1752 240 1778 ac
256 1747 469 1792 peccatum,
488 1716 608 1793 [(1113]
629 1753 778 1792 semper
805 1739 959 1778 caruisti
989 1746 1026 1777 et
1045 1737 1203 1785 carebis,

85 1792 236 1832 homini
264 1794 430 1833 accidere
462 1795 560 1833 nihil
584 1807 707 1847 posse,
737 1794 842 1847 quod
866 1793 914 1832 sit
935 1791 1117 1831 horribile
1135 1798 1205 1829 aut

86 1847 445 1899 pertimescendum.

141 1901 244 1953 Ego,
269 1901 300 1941 si
329 1902 519 1942 videbitur
547 1910 646 1942 recte
671 1902 753 1942 fieri
776 1915 898 1955 posse,
925 1900 975 1939 ad
999 1908 1036 1940 te
1055 1900 1206 1939 veniam

85 1956 216 1996 brevi:
246 1956 278 1995 si
291 1956 386 2009 quid
403 1957 591 2004 acciderit,
611 1964 657 1996 ut
674 1957 906 1996 mutandum
921 1954 1123 1994 consilium
1142 1954 1206 2002 sit,

88 2016 127 2049 te
152 2011 349 2050 certiorem
366 2011 505 2050 faciam
530 2012 671 2050 statim
711 2012 777 2050 Tu
795 2011 850 2049 ita
866 2011 926 2049 fac
949 2009 1112 2061 cupidus
1128 2008 1207 2046 mei

83 2063 240 2104 videndi
257 2065 323 2128 515,
341 2075 385 2104 ut
409 2066 519 2105 istinc
538 2074 576 2105 te
594 2079 642 2105 ne
659 2078 812 2105 moveas
831 2072 913 2104 tam
930 2063 1086 2102 infirma
1103 2063 1206 2102 vale-

84 2118 234 2169 tudine,
253 2119 326 2159 nisi
343 2132 391 2159 ex
415 2132 479 2159 100
501 2121 612 2173 ,prius
639 2119 831 2173 quaesieris
855 2132 922 2172 per
943 2118 1084 2165 literas,
1111 2115 1206 2168 quid

85 2178 125 2213 te
136 2173 252 2213 velim
263 2173 396 2215 facere.
426 2175 513 2223 Me,
526 2175 656 2225 velim,
669 2182 715 2213 ut
728 2174 835 2221 facis,
854 2173 1004 2225 diligas,
1019 2170 1204 2211 valetudi-

81 2226 201 2280 nique
219 2235 296 2270 tuae
313 2237 352 2269 et
365 2229 634 2282 tranquillitati
653 2228 772 2268 animi
784 2227 934 2268 servias.
