1501 2407
192 131 268 170 110
377 131 460 170 AD
490 123 787 173 DIVERSOS.
819 133 919 172 Lm.
941 133 1017 173 IV.
1052 135 1113 172 15.

182 240 362 303 lentium,
382 254 502 294 quam
521 241 684 281 crudelis
703 250 799 281 esset
815 241 949 282 futura
958 243 1139 282 victoria.
1128 257 1139 267 ·
1170 242 1229 282 sin
1240 242 1309 281 au-

184 301 264 333 tem
290 296 380 334 victi
404 304 542 344 essent,
563 304 731 349 quantus
757 297 934 336 interitus
962 305 1059 337 esset
1078 297 1235 336 futurus
1256 297 1311 336 ci-

183 349 307 399 vium,
327 350 468 413 partim
486 351 829 403 amplissimorum,
849 351 991 404 partim
1009 351 1126 390 etiam
1143 351 1311 404 optimo-

183 417 299 452 rum3
329 405 397 458 qui
414 418 492 454 me,
512 405 594 445 haec
611 405 899 458 praedicentem,
919 414 1036 459 atque
1058 406 1204 459 optime
1218 419 1310 445 con-

182 460 372 499 sulentem
402 460 517 499 saluti
553 474 646 509 suae,
679 461 877 500 malebant
904 460 1072 499 nimium
1108 460 1308 509 timidum,

178 528 298 567 quam
318 515 408 553 satis
426 515 670 566 prudentem,
691 514 914 554 existimari.

233 569 354 618 Quod
371 576 501 608 autem
518 570 631 618 mihi,
652 569 700 608 de
718 583 762 608 eo
782 569 888 622 quod
899 569 1056 622 egerim,
1072 570 1276 622 gratularis
1292 583 1306 617 3

179 631 218 664 te
235 624 290 663 ita
307 624 405 663 velle
427 631 529 663 certo
552 625 652 663 scio:
683 624 750 663 sed
777 637 847 676 ego
869 631 950 663 tam
971 624 1112 663 misero
1131 632 1308 677 tempore

178 679 278 718 nihil
295 679 385 718 novi
403 678 550 718 consilii
564 679 761 730 cepissem,
780 678 856 717 nisi
873 678 915 717 in
933 678 1060 717 reditu
1077 691 1166 718 meo
1183 679 1306 718 nihilo

178 734 355 772 meliores
377 747 437 772 res
459 733 698 781 domesticas,
726 746 845 785 quam
868 733 1163 786 rempublicam,
1183 733 1305 773 offen-

176 789 330 828 dissem.
361 788 516 836 Quibus
542 788 661 835 enim,
680 800 751 839 pro
769 787 867 826 meis
885 787 1170 827 immortalibus
1186 789 1304 827 bene-

175 843 285 890 ficiis,
306 842 499 881 carissima
515 854 605 880 mea
623 842 725 881 salus
737 849 775 880 et
792 851 890 880 meae
907 841 1072 880 fortunae
1091 855 1171 881 esse
1188 842 1304 882 debe-

176 899 300 943 bant3
331 909 434 944 cum,
462 903 617 948 propter
639 909 773 935 eorum
799 896 935 944 scelus,
962 895 1061 935 nihil
1081 896 1181 935 mihi
1201 896 1304 936 intra

174 964 281 990 meos
299 951 461 1003 parietes
480 959 625 998 tutum,
646 951 744 989 nihil
762 950 910 989 insidiis
929 963 1093 990 vacuum
1114 951 1300 1000 viderem,

170 1019 359 1045 novarum
378 1018 442 1044 me
452 1005 775 1045 necessitudinum
787 1005 970 1044 fidelitate
984 1012 1116 1044 contra
1128 1013 1303 1045 veterum

171 1061 372 1113 perfidiam
390 1059 649 1098 muniendum
665 1059 813 1112 putavi.

226 1115 303 1154 Sed
329 1115 376 1154 de
394 1115 532 1153 nostris
553 1116 667 1153 rebus
692 1114 796 1176 satis,
822 1114 940 1153 etiam
965 1114 1134 1154 nimium
1158 1115 1297 1155 multa.

171 1169 236 1209 De
253 1170 330 1209 tuis
349 1169 480 1217 velim,
500 1177 545 1208 ut
567 1182 611 1208 eo
633 1168 685 1208 sis
708 1168 852 1231 animo,
883 1182 962 1221 quo
984 1169 1099 1209 debes
1121 1182 1227 1217 essu
1256 1170 1298 1210 id

169 1232 238 1272 est,
259 1233 304 1263 ut
335 1237 385 1264 ne
410 1199 506 1276 quid
534 1223 606 1262 tibi
630 1223 822 1286 praecipue
846 1223 1063 1262 timendum
1089 1231 1214 1276 putes.
1256 1225 1299 1264 Si

167 1279 272 1318 enim
291 1286 411 1318 status
430 1279 500 1317 erit
518 1277 658 1330 aliquis
678 1277 866 1324 civitatis3
896 1277 1134 1331 quicumque
1151 1278 1238 1329 erit,
1259 1287 1298 1318 te

165 1334 343 1375 omniurn
361 1333 622 1386 periculorum
640 1331 750 1371 video
768 1340 965 1384 expertem
983 1332 1076 1372 fore.
1112 1333 1221 1372 Nam
1240 1334 1297 1372 al«

166 1399 266 1430 teros
292 1389 365 1429 tibi
391 1389 474 1438 jam
496 1387 665 1439 placatos
696 1399 774 1425 esse
798 1387 1000 1448 intellig03
1029 1388 1168 1426 alteros
1193 1400 1296 1427 nun-

165 1458 286 1498 quam
304 1444 419 1482 iratos
437 1442 566 1481 fuisse.
595 1441 659 1480 De
669 1454 759 1480 mea
776 1448 907 1480 autem
926 1441 967 1479 in
980 1448 1018 1480 te
1029 1443 1227 1482 voluntate
1242 1443 1295 1483 sic

163 1500 280 1538 velim
296 1497 458 1549 judices,
472 1509 550 1543 me,
563 1496 874 1548 quibuscumque
892 1497 1006 1534 rebus
1024 1508 1122 1549 opus
1140 1510 1220 1536 esse
1233 1497 1294 1536 in-

161 1554 350 1605 telligam,
372 1555 630 1604 (quamquam
649 1550 816 1599 videam,
837 1550 905 1603 qui
923 1550 998 1589 sim
1015 1550 1089 1590 hoc
1107 1558 1294 1614 tempore,

163 1616 202 1648 et
220 1607 315 1660 quid
332 1606 494 1667 possim)
513 1605 629 1657 opera
651 1612 780 1643 tamen
801 1613 839 1643 et
857 1605 1030 1653 consilio,
1060 1605 1187 1645 studio
1205 1606 1294 1659 qui..

161 1663 248 1702 dem
281 1669 394 1709 certe,
423 1660 493 1708 rei,
519 1660 648 1707 famae,
676 1659 791 1698 saluti
817 1667 909 1708 tuae,
939 1667 1078 1712 praesto
1099 1660 1292 1699 futurum.

160 1718 243 1764 Tu,
264 1716 395 1764 velim,
416 1722 453 1753 et
471 1714 567 1766 quid
585 1727 691 1765 agas,
718 1721 756 1752 et
783 1714 879 1766 quid
903 1722 1080 1753 acturum
1104 1722 1142 1753 te
1163 1722 1291 1768 putes,

160 1772 278 1811 facias
296 1783 360 1810 me
378 1781 498 1822 quam
517 1768 809 1820 diligentissime
826 1768 1038 1808 certiorem.
1067 1769 1181 1809 Vale.

269 1880 383 1927 (15.)
411 1877 474 1917 M.
491 1876 542 1916 Τ.
560 1878 607 1917 C.
638 1877 678 1917 S.
699 1877 754 1916 D.
787 1876 877 1916 CN.
902 1877 1178 1918 PLANCIO.

211 1986 826 2039 (Argumentum—Hortatur,
853 1992 899 2025 ut
929 1999 1177 2026 communem
1206 1987 1288 2027 for-

156 2055 294 2085 tunam
313 2042 460 2081 fortiter
471 2041 582 2090 ferat,
598 2054 667 2080 nec
678 2042 874 2093 propriam
901 2041 974 2080 sibi
995 2042 1165 2095 postulet
1178 2056 1191 2081 z
1223 2055 1288 2083 eo.

157 2112 234 2154 que
251 2098 292 2136 in
312 2111 350 2136 se
369 2097 499 2135 animo
511 2096 575 2145 sit,
590 2109 669 2148 quo
688 2109 839 2148 semper
857 2095 1014 2144 fixerat.)

206 2205 354 2258 Accepi
383 2207 585 2258 perbreves
613 2212 700 2243 tuas
737 2205 879 2253 literas,
911 2204 1055 2258 quibus
1090 2205 1145 2254 id,
1177 2206 1283 2259 quod

151 2262 244 2302 scire
268 2260 486 2312 cupiebam,
514 2272 737 2311 cognoscere
761 2271 840 2299 non
864 2260 1001 2312 potui3
1031 2260 1192 2312 cognovi
1210 2273 1281 2300 au-
