1481 2422
223 115 303 153 384
397 111 481 152 AD
510 111 809 152 DIVERSOS.
841 112 942 151 LIB-
966 110 1070 151 XII.
1106 113 1170 153 19.

223 222 343 273 Quod
360 229 406 261 ut
423 222 552 268 facias,
572 234 651 261 non
668 219 755 261 mea
768 221 911 272 solum,
923 221 990 261 sed
1007 221 1122 261 etiam
1137 221 1221 272 tua,
1232 222 1350 264 inter.

226 291 305 318 esse
324 277 497 316 arbitror.
526 277 639 316 Vale.

361 435 480 488 (19.)
510 437 571 476 Μ.
587 437 637 476 Τ.
652 436 698 476 C.
728 435 1074 478 CORNIFICIO
1102 437 1143 477 S.
1156 437 1211 477 D.

279 544 606 597 (Argumentum.
622 568 676 576 -—
692 545 920 585 Gratulatur
937 546 985 585 de
1002 547 1200 599 provincia
1220 547 1346 600 Syria,

223 598 427 638 Cornificio
441 615 464 638 a
479 600 627 639 Caesare
642 599 795 639 tributa.
825 601 868 640 Si
881 602 1030 640 bellum
1044 601 1093 640 sit
1107 602 1346 653 Parthicum,

222 660 269 691 ut
286 654 422 692 Bibuli
441 655 619 708 exemplo
638 668 678 694 se
695 655 886 694 moenibus
903 655 1089 706 includat,
1118 669 1188 708 per
1212 657 1347 708 jocum

225 716 388 757 monet.)

277 817 548 858 Libentissime
576 819 654 871 legi
682 826 767 859 tuas
795 821 946 859 literas.
976 819 1018 858 in
1043 819 1218 882 quibus
1202 833 1345 871 Jucun-

219 871 424 912 dissimum
442 874 539 912 mihi
557 874 645 922 fuit,
666 874 770 926 quod
788 874 948 937 cognovi
965 887 1072 913 meas
1090 874 1162 914 tibi
1178 875 1345 915 redditas

221 939 314 965 esse.
346 928 439 967 Non
458 929 559 967 enim
579 929 819 977 dubitabam,
836 929 931 981 quin
950 941 1013 967 eas
1031 929 1208 968 lubenter
1224 930 1346 969 lectu-

221 993 287 1019 rus
306 994 423 1021 esses:
445 985 614 1032 verebar,
630 991 675 1022 ut
693 983 952 1022 redderentur.
980 983 1154 1032 Bellum,
1171 984 1276 1036 quod
1289 993 1346 1023 est

221 1035 263 1073 in
283 1037 408 1088 Syria,
429 1037 658 1090 Syriamque
676 1038 911 1089 provinciam
929 1037 1001 1076 tibi
1019 1038 1205 1077 tributam
1223 1051 1303 1078 esse
1319 1052 1344 1078 a

222 1089 387 1139 Caesare,
418 1106 467 1131 ex
496 1092 572 1130 tuis
601 1092 720 1131 literis
747 1092 919 1154 cognovi.
947 1092 1142 1131 Eamdem
1166 1105 1249 1131 rem
1274 1093 1347 1133 tibi

220 1145 307 1183 volo
327 1147 373 1184 b
355 1159 424 1185 ne
442 1155 479 1185 et
497 1147 654 1185 feliciter
680 1148 856 1185 evenire.
887 1146 992 1199 quod
1009 1147 1065 1185 ita
1082 1146 1164 1185 fore
1180 1147 1344 1196 confido,

219 1198 339 1239 fretus
359 1210 395 1240 et
415 1201 603 1240 industria
623 1209 660 1240 et
677 1161 913 1252 prudentiaq
893 1202 973 1240 tua.
1002 1200 1093 1249 Sed,
1109 1200 1157 1240 de
1176 1177 1347 1241 Parthici

219 1253 310 1291 belli
348 1256 487 1308 suspici
476 1269 561 1294 one
593 1256 698 1308 quod
731 1255 876 1305 scribis,
910 1268 1002 1295 sane
1029 1268 1093 1294 me
1125 1257 1345 1296 commovit.

218 1307 425 1355 Quantum
458 1311 655 1362 copiarum
687 1310 859 1358 haberes,
892 1323 984 1349 cum
1012 1310 1094 1362 ipse
1129 1311 1347 1360 conjecmre

218 1365 399 1416 consequi
417 1372 505 1416 pote
507 1377 604 1412 ram,
621 1372 705 1403 tum
721 1377 769 1403 ex
782 1365 859 1403 tuis
872 1364 990 1403 literis
1003 1364 1176 1416 cognovi.
1205 1365 1346 1417 Itaque

217 1425 322 1468 opto,
343 1431 392 1457 ne
411 1432 450 1457 se
468 1419 535 1457 illa
553 1431 647 1470 gens
665 1429 817 1457 moveat
834 1418 906 1457 hoc
925 1426 1110 1470 ternpore,
1125 1417 1224 1457 dum
1241 1419 1292 1458 ad
1305 1426 1344 1458 te

216 1471 386 1522 legiones
405 1486 458 1511 eae
476 1474 748 1524 perducantur,
769 1486 864 1525 quas
883 1473 998 1511 audio
1016 1472 1117 1511 duci.

271 1526 391 1574 Quod
409 1528 440 1565 si
458 1541 567 1578 pares
583 1527 708 1579 copias
723 1527 771 1565 ad
786 1527 1070 1578 confligendum
1081 1539 1160 1565 non
1170 1526 1343 1579 habebis,

217 1592 296 1619 non
320 1589 357 1619 te
386 1580 510 1633 fugiet
538 1582 596 1621 uti
626 1581 782 1621 consilio
803 1581 864 1620 M.
885 1581 1036 1629 Bibuli,
1056 1582 1125 1633 qui
1143 1594 1183 1620 se
1200 1583 1344 1634 oppido

217 1635 475 1674 munitissimo
495 1644 533 1674 et
550 1636 808 1688 copiosissimo
827 1635 976 1674 tamdiu
995 1635 1133 1684 tenuit,
1153 1637 1342 1688 quamdiu

213 1689 257 1727 in
275 1690 470 1741 provincia
491 1691 625 1729 Parthi
643 1691 810 1730 fuerunt.
838 1690 915 1729 Sed
931 1690 1013 1729 haec
1030 1690 1169 1729 melius
1188 1703 1236 1729 ex
1249 1705 1291 1730 re
1303 1699 1343 1730 et

217 1757 267 1782 ex
285 1751 455 1796 tempore
467 1745 684 1784 constitues.
714 1744 821 1783 Mihi
835 1744 993 1797 quidem
1004 1757 1129 1796 usque
1139 1757 1241 1783 curae
1254 1745 1340 1795 erit,

219 1799 315 1850 quid
333 1812 437 1850 agas,
458 1799 569 1848 dum,
599 1799 694 1852 quid
720 1799 855 1851 egeris,
885 1799 1014 1838 sciero.
1045 1799 1197 1837 Literas
1225 1799 1276 1838 ad
1303 1808 1342 1839 te

216 1865 420 1945 nquqam
438 1853 557 1892 habui
576 1855 639 1893 cui
666 1853 813 1900 darem,
834 1853 929 1905 quin
948 1853 1132 1946 dederizbn1
1147 1853 1270 1946 tA,
1218 1860 1270 1902 te,
1296 1862 1342 1892 ut

216 1920 230 1944 ι
259 1920 320 1945 em
355 1920 468 1955 36133,
488 1917 603 1960 peto;
633 1909 674 1946 in
692 1907 918 1960 primisque,
944 1916 990 1947 ut
1006 1916 1061 1947 ita
1163 1919 1235 1947 uos
1253 1909 1344 1948 3611-

217 1962 301 2009 bas,
323 1969 367 2000 ut
385 1975 448 2002 me
468 1971 580 2002 tuum
599 1963 720 2003 sciant
738 1975 829 2002 esse.
859 1961 970 2002 Vale.

1420 2288 1447 2422 “nu-2
1443 2250 1448 2266 ,.
1446 2182 1448 2187 ,
