1501 2407
283 89 371 138 AD
399 97 697 138 D1VERsos.
730 94 828 135 Lm.
862 97 937 135 1v.
965 98 1003 134 3.
1153 99 1206 138 39

79 194 252 248 siliorum
282 219 472 246 meorum.
505 204 639 246 Multo
666 204 770 244 enim
800 212 902 253 ante,
923 212 1124 256 tamquam
1155 220 1204 246 ex

79 261 210 314 aliqua
229 261 399 314 specula,
419 260 598 312 prospexi
623 266 888 311 tempestatem
909 259 1107 306 futuram3
1138 273 1206 299 ne-

79 329 156 369 que
183 315 225 354 id
251 316 376 354 solum
404 316 494 353 mea
519 322 666 366 sponte,
695 313 760 352 sed
786 313 913 352 multo
935 313 1050 352 etiam
1080 314 1205 366 magis

79 377 259 410 monente
278 377 316 408 et
335 360 585 407 denuntiante
604 377 652 406 te.

130 424 219 462 Etsi
248 423 352 462 enim
378 423 487 461 abfui
510 434 695 473 magnam
714 429 864 474 partem
891 422 1110 460 consulatus
1129 423 1202 470 tui,

77 485 206 517 tamen
225 486 262 516 et
291 476 428 515 absens
452 478 738 528 cognoscebam,
766 490 853 527 quae
873 484 969 514 esset
987 483 1055 514 tua
1073 475 1113 513 in
1132 476 1206 515 hoc

76 532 256 594 pestifero
286 532 388 570 bello
418 531 585 569 cavendo
612 537 649 568 et
673 529 913 582 praedicendo
940 530 1140 579 sententia,
1168 538 1205 569 et

75 586 157 638 ipse
174 585 269 624 affui
287 585 422 637 primis
441 583 677 647 temporibus
703 584 761 622 tui
779 584 1011 631 consulatfis,
1033 597 1122 622 cum
1142 598 1206 624 ac-

74 639 310 679 curatissime
329 639 514 678 monuisti
533 646 722 687 senatum,
739 637 905 676 collectis
924 638 1104 677 omnibus
1123 639 1206 677 bel-

75 694 122 733 lis
140 694 331 742 civilibus,
351 701 397 732 ut
415 700 451 732 et
470 693 537 731 illa
556 692 735 731 timerent
750 705 837 744 quae
847 692 1136 738 meminissent3
1168 701 1205 732 et

74 748 228 795 scirent,
250 761 341 788 cum
363 747 588 809 superiores,
608 747 718 785 nullo
746 746 815 785 tali
834 747 1013 798 exemplo
1032 754 1144 785 antea
1162 747 1203 785 in

73 802 268 855 republica
287 802 453 853 cognito,
474 809 554 840 tam
581 801 751 839 crudeles
769 800 946 862 fuissent,
967 800 1205 862 quicumque

73 865 205 909 postea
227 856 507 908 rempublicam
538 855 784 907 oppressisset
807 855 937 901 armis,
957 855 1084 893 multo
1102 855 1203 893 into-

71 911 326 949 lerabiliorem
358 909 547 948 futurum.
579 910 701 957 Nam,
735 908 840 961 quod
870 909 1047 960 exemplo
1076 908 1134 956 fit,
1160 908 1203 947 id

71 964 188 1004 etiam
216 966 304 1015 jure
333 963 416 1002 fieri
448 970 615 1016 putant.
658 963 724 1002 sed
760 962 922 1014 aliquid,
961 971 1078 1014 atque
1108 963 1203 1002 adeo

71 1019 210 1068 multa,
232 1019 381 1057 addunt
401 1026 438 1056 et
457 1018 622 1056 afferunt
645 1017 692 1055 de
720 1030 800 1055 suo.
831 1017 964 1064 Quare
981 1016 1203 1056 meminisse

71 1072 200 1121 debes,
221 1086 299 1118 eos,
328 1073 396 1124 qui
419 1072 682 1110 auctoritatem
709 1079 746 1109 et
769 1070 971 1109 consilium
990 1078 1104 1109 tuum
1123 1083 1202 1109 non

71 1134 163 1166 sunt
181 1127 313 1175 secuti,
335 1126 406 1165 sua
432 1126 595 1164 stultitia
615 1125 808 1174 occidisse,
839 1137 929 1163 cum
947 1125 1016 1163 tua
1034 1125 1203 1177 pruden-

71 1181 126 1220 tia
145 1181 241 1220 salvi
260 1194 339 1220 esse
356 1181 580 1232 potuissent.

126 1234 267 1274 Dices:
299 1234 409 1283 Quid
426 1248 490 1273 me
502 1234 576 1272 ista
593 1247 651 1272 res
671 1233 888 1272 consolatur
902 1232 940 1270 in
962 1232 1078 1270 tantis
1097 1239 1202 1272 tene-

71 1289 150 1329 bris
169 1297 207 1327 et
225 1289 336 1341 quasi
360 1289 555 1340 parietinis
574 1287 794 1339 reipublicae
811 1290 829 1326 Ρ
858 1287 932 1325 Ε51
960 1287 1117 1324 omnino
1136 1288 1202 1325 vix

69 1343 312 1383 consolabilis
331 1343 463 1381 dolor:
494 1350 603 1381 tanta
617 1348 673 1380 851
691 1342 866 1380 omnium
881 1353 1011 1379 rerum
1031 1341 1199 1389 amissio,

72 1404 111 1436 et
129 1397 342 1450 desperatio
371 1397 632 1448 recuperandi.
663 1396 739 1434 Sed
758 1404 887 1434 tamen
907 1403 943 1433 et
963 1395 1046 1434 Caes
1032 1408 1091 1432 531·
1120 1395 1202 1446 ipse

72 1450 127 1490 ita
145 1452 193 1491 de
212 1459 250 1491 te
265 1451 428 1501 judicat,
446 1458 483 1489 et
501 1463 633 1489 omnes
652 1450 750 1489 cives
770 1450 821 1488 sic
840 1449 1074 1496 existimant,
1092 1449 1203 1500 (111351

73 1505 207 1545 lumen
239 1505 410 1558 aliquod,
442 1505 637 1544 exstinctis
663 1504 823 1553 caeteris,
849 1504 995 1542 elucere
1022 1504 1202 1542 sanctita-

72 1566 167 1607 tem,
189 1566 226 1599 et
244 1559 503 1612 prudentiam,
525 1566 562 1598 et
591 1559 819 1610 dignitatem
845 1565 967 1596 tuam.
996 1557 1095 1596 Haec
1114 1557 1199 1604 tibi,

71 1614 122 1653 ad
152 1614 334 1653 levandas
365 1613 572 1662 molestias,
605 1625 748 1663 magna
778 1625 856 1650 esse
893 1612 1044 1650 debent.
1081 1611 1201 1660 Quod

71 1675 202 1707 autem
221 1682 245 1706 a
262 1668 338 1706 tuis
357 1669 472 1714 abes,
462 1681 471 1691 ·
503 1667 544 1705 id
569 1680 613 1705 eo
631 1667 753 1704 levius
773 1666 977 1704 ferendum
1003 1673 1072 1714 est,
1094 1665 1199 1719 quod

51 1722 205 1762 eodem
230 1729 402 1774 tempore
427 1735 451 1760 3
480 1721 614 1760 multis
640 1727 676 1758 et
695 1720 846 1772 magnis
875 1720 1058 1758 molestiis
1083 1721 1197 1759 abes.

69 1790 166 1829 quas
191 1776 241 1815 ad
270 1784 308 1815 te
338 1788 472 1814 omnes
502 1775 788 1827 perscriberem,
808 1774 882 1813 nisi
904 1787 1063 1820 vererer,
1084 1786 1133 1812 ne
1153 1786 1198 1812 ea

66 1842 311 1892 cognosceres
336 1831 488 1877 absens,
509 1843 598 1881 quae
619 1829 711 1881 quia
729 1842 807 1867 non
836 1828 955 1874 vides,
976 1828 1074 1865 mihi
1093 1827 1199 1866 vide-

69 1885 121 1924 ris
139 1884 295 1923 meliore
313 1897 394 1923 esse
413 1883 642 1931 conditione,
658 1896 777 1934 quam
795 1895 878 1930 nos,
895 1883 964 1934 qui
982 1882 1170 1920 videmus.

79 1954 82 1957 ’
124 1939 324 1978 Hactenus
355 1937 535 1976 existimo
564 1944 735 1975 nostram
769 1936 1065 1975 consolationem
1098 1945 1199 1975 recte

68 1988 282 2032 adhibitam
300 2005 394 2039 csse,
415 1991 544 2043 quoad
562 1991 697 2029 certior
721 1992 770 2029 ab
788 1990 946 2028 homine
965 1989 1197 2029 amicissimo

68 2047 177 2086 fieres
207 2046 255 2086 iis
283 2046 332 2086 de
360 2047 488 2093 rebus,
513 2045 656 2098 quibus
686 2045 805 2083 levari
833 2053 987 2096 possent
1011 2044 1197 2083 molestiae

68 2109 158 2141 tuae.
186 2100 356 2152 Reliqua
374 2108 465 2139 sunt
476 2100 517 2138 in
536 2107 574 2138 te
591 2099 689 2152 ipso,
703 2112 828 2151 neque
846 2098 944 2136 mihi
961 2098 1108 2150 ignota,
1124 2110 1194 2136 nec

70 2155 233 2195 minima
250 2154 409 2194 solatia·
397 2183 411 2200 ,
439 2161 485 2192 ut
504 2154 661 2206 (1111(18111
681 2166 752 2206 ego
771 2153 905 2201 sentio,
926 2152 1050 2190 multo
1068 2151 1195 2190 maxi-

67 2210 161 2250 nia:
190 2222 279 2262 quoe
296 2222 367 2262 ego
396 2208 477 2261 ipse
496 2207 693 2261 experiens
712 2207 896 2260 quotidie,
924 2206 977 2245 sic
995 2207 1129 2258 prob0‚
1150 2213 1195 2243 ut

856 2272 871 2298 1
893 2261 918 2298 3
