1481 2422
358 105 443 145 AD
471 105 771 148 DIVERSOS.
801 107 903 147 Lm.
923 106 1002 147 XI.
1032 110 1071 147 2.
1200 110 1281 151 329

176 219 267 271 (2.)
296 219 529 259 BRUTUS
557 220 634 258 ΕΤ
656 219 900 270 CASSIUS,
925 221 1150 262 PRAETT.
1181 222 1246 262 M.

490 275 782 325 ANTONIO,
813 276 931 315 COS.

203 384 528 435 (Argumentum.
544 405 598 415 -—
611 385 758 423 Petunt
776 386 825 423 ab
844 385 1032 433 Antonio,
1053 393 1185 425 utrum
1200 401 1274 439 pu-

147 446 202 479 tet
218 439 320 504 ipsos
337 439 378 477 in
397 439 518 488 Urbe,
549 451 691 492 magna
717 447 984 478 veteranorum
1008 441 1180 480 militum
1198 442 1275 481 fre-

145 491 316 547 quentia,
338 501 439 533 tutos
456 492 566 543 fore.)

199 603 264 642 De
283 602 352 642 tua
370 603 445 641 fide
464 609 502 641 et
519 603 784 642 benevolentia
809 603 850 642 in
869 617 938 643 nos
956 604 1030 643 nisi
1047 618 1275 657 persuasum

146 667 244 698 aeset
262 658 385 707 nobis,
406 670 484 696 non
499 658 850 710 conscripsissemus
861 659 944 698 haec
957 659 1028 697 tibi
1042 674 1054 705 3
1085 674 1173 712 quae
1187 673 1275 712 pro-

146 714 260 761 fecto,
292 726 382 751 cum
410 713 529 752 istum
562 712 738 751 animum
757 713 888 761 habes,
919 713 959 751 in
980 714 1167 765 optimam
1186 728 1276 766 par-

146 776 226 807 tem
245 767 416 818 accipies.
446 766 634 806 Scribitur
652 767 776 816 nobis,
797 781 981 820 magnam
1008 777 1274 807 veteranorum

145 822 438 861 multitudinem
457 822 628 860 Romam
647 822 863 861 convenisse
878 824 975 873 jam,
1004 831 1042 861 et
1061 823 1110 862 ad
1136 823 1276 862 Calen-

144 877 214 916 das
233 877 262 916 J
265 876 375 915 unias
392 876 565 915 futuram
585 877 710 915 multo
733 878 932 927 majorem.
974 877 1037 916 De
1057 885 1094 916 te
1113 877 1144 916 si
1162 878 1277 916 dubi-

145 938 272 971 temus
303 939 372 970 aut
400 944 613 978 vereamur,
648 931 768 970 simus
801 932 920 970 nostri
952 931 1168 971 dissimiles.
1199 933 1277 971 Sed

144 994 259 1034 certe,
280 999 371 1026 cum
390 986 464 1038 ipsi
482 985 523 1023 in
541 986 610 1023 tua
627 993 814 1037 potestate
832 986 1034 1035 fuerimus,
1050 994 1195 1038 tuoque
1208 987 1278 1025 ad·-

144 1041 252 1080 ducti
270 1040 427 1080 consilio
457 1040 714 1079 dimiserimus
737 1054 784 1079 ex
802 1041 1022 1092 municipiis
1042 1049 1190 1080 nostros
1209 1054 1278 1080 ne-

144 1095 351 1142 cessarios,
339 1109 350 1119 ·
381 1107 507 1147 neque
521 1094 648 1133 solum
661 1095 797 1143 edicto,
819 1095 884 1134 sed
899 1096 1015 1134 etiam
1026 1096 1145 1134 literis
1163 1095 1203 1133 id
1222 1096 1280 1134 fe-

145 1151 336 1196 cerimus;
367 1149 475 1201 digni
492 1162 641 1210 sumuS,
655 1162 752 1202 quos
766 1150 907 1188 habeas
922 1150 980 1188 tui
998 1150 1144 1188 consilii
1158 1150 1280 1201 parti-

145 1205 262 1258 cipes,
280 1204 321 1242 in
341 1218 387 1243 ea
404 1204 615 1256 praesertim
631 1218 684 1253 re,
698 1218 786 1256 quae
801 1205 850 1242 ad
861 1217 930 1243 nos
945 1205 1122 1256 pertinet.
1143 1205 1278 1253 Quare

146 1260 315 1313 petimus
341 1273 365 1297 a
393 1266 445 1309 te,
476 1258 592 1297 facias
611 1271 680 1297 nos
699 1259 873 1297 certiores
904 1266 982 1297 tuae
1010 1259 1248 1298 voluntatis
1237 1272 1279 1298 m

145 1327 242 1354 nos:
273 1321 450 1366 putesne,
470 1325 540 1351 nos
555 1319 657 1351 tutos
682 1313 792 1352 fore
782 1326 823 1351 m
843 1313 950 1351 tanta
969 1313 1186 1365 frequentia
1204 1314 1280 1352 rui-

145 1369 261 1408 litum
279 1376 562 1415 veteranorum,
583 1381 680 1419 quos
700 1368 816 1406 etiam
832 1367 880 1405 de
898 1368 1118 1419 reponenda
1137 1381 1201 1405 ara
1217 1381 1280 1406 co-

146 1424 268 1476 gitare
285 1423 493 1468 audimu53
524 1422 629 1474 quod
648 1423 746 1460 velle
765 1432 802 1460 et
816 1423 977 1474 probare
992 1422 1056 1460 vix
1070 1422 1279 1474 quisquam

145 1491 257 1531 posse
275 1477 440 1526 videtur,
461 1477 530 1529 qui
547 1489 617 1515 nos
636 1477 758 1515 salvos
777 1487 814 1515 et
832 1477 1010 1515 honestos
1022 1477 1126 1515 velit.

200 1533 286 1572 Nos
305 1534 353 1571 ab
373 1531 482 1570 initio
502 1531 691 1584 specfflsse
709 1531 847 1579 otium,
861 1544 932 1570 nec
943 1531 1158 1583 quidquam
1174 1532 1281 1570 aliud

145 1588 322 1626 libertate
341 1587 540 1626 communi
558 1587 753 1638 quaesisse,
775 1586 901 1624 exitus
920 1585 1097 1624 declarat.
1127 1587 1279 1625 Fallere

148 1655 263 1682 nemo
281 1654 352 1681 nos
370 1648 510 1694 potest,
531 1641 606 1678 nisi
625 1648 669 1679 tu
685 1655 698 1687 3
729 1641 834 1692 quod
845 1647 945 1679 certe
959 1642 1066 1679 abest
1085 1654 1108 1679 a
1122 1641 1191 1679 tua
1203 1641 1279 1679 vir-

147 1704 233 1737 tute
252 1704 289 1735 et
307 1695 408 1735 fide:
439 1695 508 1734 sed
531 1695 630 1734 alius
657 1708 772 1733 nemo
794 1695 1018 1733 facultatem
1035 1695 1152 1733 habet
1178 1696 1280 1734 deci-

147 1752 281 1804 piendi
299 1763 390 1789 nos:
423 1750 496 1789 tibi
524 1750 629 1788 enim
658 1750 728 1788 uni
758 1749 1003 1797 credidimus,
1035 1757 1072 1788 et
1101 1750 1281 1788 credituri

149 1820 296 1846 sumus.
337 1805 520 1844 Maximo
550 1804 598 1843 de
625 1804 736 1843 nobis
761 1804 898 1842 timore
923 1803 1142 1842 afficiuntur
1165 1804 1279 1843 amici

148 1861 270 1901 nostri
285 1875 298 1907 3
328 1860 471 1913 quibus
498 1859 569 1898 etsi
597 1866 666 1897 tua
694 1858 789 1897 fides
817 1859 1015 1910 explorata
1045 1866 1115 1907 est,
1149 1866 1281 1897 tamen

147 1916 247 1955 illud
275 1915 318 1953 in
346 1922 518 1953 mentem
547 1913 666 1963 venit,
696 1913 989 1952 multitudinem
1012 1921 1282 1952 veteranorum

149 1971 300 2010 facilius
328 1969 479 2020 impelli
501 1970 550 2007 ab
569 1969 645 2007 alio
664 1968 851 2020 quolibet,
872 1980 991 2020 quam
1011 1980 1034 2006 a
1052 1975 1091 2006 te
1108 1967 1278 2017 retineri,

148 2038 273 2079 posse.

207 2079 412 2119 Rescribas
429 2078 541 2117 nobis
570 2077 620 2116 ad
648 2077 793 2127 omnia,
824 2090 1018 2128 rogamus.
1048 2077 1156 2115 Nam
1180 2076 1282 2115 illud

153 2134 266 2174 valde
282 2135 367 2173 leve
386 2141 443 2172 est
457 2146 500 2172 ac
514 2133 778 2184 nugatorium,
794 2132 840 2171 ea
857 2131 1184 2170 redenuntiatum
1203 2145 1284 2170 esse

153 2188 356 2238 veteranis,
370 2188 476 2241 quod
494 2187 542 2226 de
561 2187 772 2226 commodis
791 2199 925 2226 eorum
943 2199 1076 2225 mense
1090 2186 1119 2225 J
1121 2185 1214 2224 unio
1228 2186 1286 2224 la-

154 2251 266 2284 turus
284 2256 393 2283 esses·
434 2243 567 2292 Quem
586 2243 690 2282 enim
717 2241 1193 2334 impedimiento3futurum
1211 2254 1286 2293 pu-

940 2307 967 2334 r
