1501 2407
306 105 393 145 AD
422 103 719 145 DIVERSOS.
750 104 849 143 L111.
881 103 955 143 VI.
987 107 1025 143 2.
1150 105 1226 148 151

114 215 297 269 sapientia
325 214 564 254 consolatur·
595 214 705 263 cujus
724 213 754 252 si
774 226 941 252 essemus
967 221 1005 252 et
1029 213 1234 252 auctorita-

115 281 193 310 tem
224 277 263 309 et
285 269 489 308 consilium
520 268 664 313 secuti3
695 268 813 319 togati
845 267 973 319 potius
1003 268 1231 319 potentiam,

114 338 233 377 quam
251 324 388 362 armati
402 322 612 370 victoriam,
633 300 879 360 subissemus.

119 402 121 404 -
168 378 244 418 Sed
261 378 342 417 haec
359 377 531 428 longiora
559 376 716 414 fortasse
743 376 913 424 fuerunt,
945 389 1063 428 quam
1082 389 1232 415 necesse

115 433 215 471 fuit:
245 433 326 479 illa,
347 445 434 483 quae
452 431 599 481 majora
618 437 720 475 sunt,
740 430 892 469 brevius
912 443 1115 482 exponam.
1145 431 1233 481 Ego

114 487 250 533 habeo,
271 487 333 525 cui
357 486 445 537 plus
465 498 583 536 quam
603 485 672 523 tibi
696 484 871 532 debeam,
899 485 1104 524 neminem.
1135 485 1236 533 Qui-

113 543 187 580 bus
205 547 358 580 tantum
376 540 576 585 debebam,
591 546 780 589 quantum
793 547 835 577 tu
854 539 1048 590 intelligis,
1063 552 1125 578 eos
1138 539 1237 576 mihi

116 596 234 645 hujus
251 595 343 633 belli
363 607 469 633 casus
493 593 642 645 eripuit.
673 593 755 640 Qui
785 593 859 631 sim
889 601 1018 631 autem
1047 595 1119 632 hoc
1138 602 1237 631 tem-

113 662 219 702 pore,
239 649 422 699 intelligo.
453 648 542 694 Sed,
559 648 650 699 quia
663 660 777 686 nemo
796 655 850 686 est
869 655 948 686 tam
963 648 1139 695 afflictus,
1154 647 1236 699 qui,

115 704 149 742 si
167 703 265 741 nihil
283 703 388 741 aliud
414 702 577 747 studeat,
608 701 681 740 nisi
710 702 750 739 id
775 702 879 753 quod
905 702 998 753 agit,
1024 714 1101 740 non
1120 701 1239 753 possit

116 771 256 797 navare
285 757 431 809 aliquid
457 764 494 795 et
523 756 692 800 efficere3
722 768 836 794 omne
856 769 990 794 meum
1019 756 1236 803 consilium,

118 825 288 864 operam,
309 811 494 859 studium,
514 818 614 849 certe
632 810 748 848 velim
777 810 970 850 existimes
996 811 1068 849 tibi
1086 810 1239 862 tuisque

114 866 243 905 liberis
261 879 340 905 esse
359 865 544 905 debitum.
574 865 686 904 Vale.

239 1028 323 1075 (2.)
360 1025 422 1065 M.
435 1026 486 1064 T.
505 1025 550 1065 C.
581 1027 631 1064 A.
663 1024 988 1074 TORQUATO
1017 1025 1056 1064 S.
1073 1024 1127 1062 D.

175 1136 231 1180 (Α
238 1141 499 1187 rgumentzcm.
513 1158 559 1164 -
571 1135 758 1182 Excusat,
776 1135 880 1187 quod
894 1134 1015 1173 rarius
1028 1132 1235 1185 scripserit:

120 1191 263 1229 solatur
282 1204 330 1229 ex
353 1204 419 1241 spe
444 1191 647 1228 meliorum
678 1197 909 1241 temporum,
940 1196 1094 1240 propter
1120 1200 1239 1239 quam

121 1257 199 1283 non
218 1245 281 1291 sit,
301 1244 405 1296 quod
423 1245 581 1290 timeat3
613 1245 747 1282 saltem
769 1257 816 1282 ex
842 1243 1039 1282 communi
1064 1242 1240 1280 omnium

120 1299 350 1349 conditione,
370 1299 532 1351 ideoque
550 1298 697 1350 aequius
714 1298 901 1345 ferenda.)

161 1395 273 1446 ‘Peto
300 1422 323 1446 a
350 1414 401 1455 te,
431 1420 480 1446 ne
498 1420 561 1445 me
585 1415 697 1458 putes
715 1406 904 1446 oblivione
923 1406 981 1444 tui
998 1405 1119 1444 rarius
1138 1403 1188 1442 ad
1206 1411 1245 1443 te

121 1462 295 1510 scribere,
315 1475 435 1514 quam
461 1463 653 1506 solebam,
685 1462 751 1500 sed
769 1469 837 1499 aut
855 1460 1039 1512 gravitate
1057 1459 1246 1498 valetudi-

123 1517 197 1564 nis,
219 1530 298 1568 qua
316 1524 445 1554 tamen
461 1517 543 1566 jam
562 1491 725 1567 paulum
744 1516 873 1554 videor
890 1515 1022 1562 levari,
1055 1521 1121 1552 aut
1141 1513 1246 1564 quod

122 1570 246 1609 absim
265 1573 313 1609 ab
329 1571 450 1619 Urbe,
463 1578 521 1619 ut,
544 1570 624 1632 qui.
626 1570 675 1608 ad
693 1578 730 1609 te
748 1570 1048 1622 proficiscantur,
1065 1568 1158 1607 scire
1170 1580 1248 1605 non

124 1625 284 1687 possim..
312 1625 444 1673 Quare
468 1600 584 1664 velim
613 1625 668 1663 ita
696 1632 884 1663 statutum
913 1624 1067 1671 habeas,
1098 1635 1162 1660 me
1191 1621 1250 1659 tui

124 1679 352 1718 memoriam
372 1693 460 1718 cum
476 1680 631 1717 summa
649 1681 770 1718 benev
771 1678 914 1717 olentia
933 1686 1072 1725 tenere,
1089 1684 1251 1728 tuasque

126 1746 261 1772 omnes
279 1747 338 1772 res
351 1746 429 1772 non
447 1734 588 1771 minori
605 1733 704 1771 mihi
722 1746 835 1781 curae,
867 1745 986 1784 quam
1009 1744 1128 1778 meas,
1160 1743 1252 1769 esse.

129 1788 250 1836 Quod
268 1789 412 1838 majore
429 1788 470 1826 in
484 1788 666 1827 varietate
677 1802 700 1826 v
703 1794 823 1826 ersata
837 1794 893 1825 est
904 1786 1030 1824 adhuc
1043 1792 1111 1824 tua
1123 1798 1250 1831 causa,

129 1856 250 1894 quam
279 1842 452 1881 homines
472 1850 539 1881 aut
557 1842 736 1881 volebant
765 1848 833 1880 aut
850 1841 1126 1893 opinabantur3
1156 1839 1255 1876 mihi

129 1896 254 1945 crede,
274 1908 358 1934 11011
378 1904 446 1945 est,
477 1910 547 1948 pro
569 1897 682 1935 malis
708 1904 942 1947 temporum,
974 1893 1078 1946 quod
1095 1894 1255 1931 moleste

130 1950 241 1989 feras.
283 1951 447 1990 Necesse
465 1959 522 1989 est
541 1951 644 1989 enim
663 1958 730 1989 aut
749 1950 865 1988 armis
889 1948 1017 2010 urgeri
1044 1947 1256 1999 rempubli-

132 2017 216 2043 cam
237 2005 490 2056 sempiternis,
511 2013 592 2055 aut,
611 2005 671 2043 1115
689 2004 847 2057 positis,
857 2002 1016 2042 recreari
1034 2001 1256 2054 aliquando,

131 2067 200 2097 aut
217 2059 393 2098 funditus
411 2059 574 2099 interire.

188 2113 230 2152 Si
250 2126 358 2152 arma
371 2114 569 2162 valebunt,
596 2126 666 2153 nec
680 2127 758 2162 eos,
785 2127 808 2152 3
826 2112 967 2174 quibus
985 2110 1176 2173 reciperis,
1192 2122 1257 2148 ve-

131 2167 206 2205 reri
230 2167 366 2213 debes3
396 2181 465 2207 nec
495 2182 572 2217 eos,
603 2182 700 2221 quos
730 2166 1014 2218 adjuV1sti.si,
1045 2165 1162 2204 armis
1191 2171 1260 2202 aut

133 2221 347 2262 conditione
365 2223 511 2275 positis,
532 2230 599 2263 aut
618 2223 888 2276 defatigatione
906 2220 1077 2272 abjectis,
1099 2225 1166 2259 aut
1181 2218 1258 2259 vic-
