1501 2407
345 121 428 160 AD
457 121 753 162 DIVERSOS.
784 123 885 160 Lm.
911 123 971 161 ΙΙ.
1002 123 1064 160 ll.
1214 125 1267 162 43

149 235 257 267 astas
283 229 419 268 habuit
449 229 553 269 hunc
582 231 729 269 exitum
763 230 853 268 satis
882 231 1043 269 felicem.
1075 229 1150 276 Ea,
1182 245 1270 283 quae

149 282 338 345 sequitur,
355 296 496 335 magno
515 291 570 323 est
587 285 628 322 in
647 285 795 322 timore.
837 285 982 332 Quare,
1004 284 1059 322 mi
1079 284 1198 331 Rufe,
1215 286 1272 323 vi-

148 336 252 387 gssag
281 337 468 389 primum,
497 346 542 376 ut
565 339 664 376 mihi
686 339 933 377 succedatur:
963 339 1021 376 sin
1049 337 1090 375 id
1117 339 1201 384 erit,
1228 347 1271 377 ut

151 390 295 437 scribis,
316 398 366 439 et,
387 399 431 430 ut
450 405 520 443 ego
539 393 713 440 arbitror,
743 393 925 444 spissius·
914 422 926 437 ,
956 392 1068 435 illud
1093 393 1197 444 quod
1216 393 1274 430 fa-

151 444 221 482 cile
240 453 309 493 ost,
328 458 377 484 ne
396 447 491 498 quid
515 447 613 484 mihi
641 447 823 498 temporis
852 454 1087 497 prorogetur.
1141 447 1204 485 De
1233 461 1272 485 re

153 499 321 549 publica,
342 513 390 538 ex
409 500 498 548 tuis,
518 509 562 539 ut
581 508 692 539 antea
710 501 780 539 tibi
794 501 937 552 scripsi,
955 514 1044 539 cum
1058 501 1271 551 praesentia,

155 562 239 590 tum
255 553 370 591 etiam
388 554 520 593 futura
537 555 676 606 magis,
697 563 885 606 exspecto.
915 556 1060 603 Quare,
1081 564 1125 592 ut
1143 555 1191 592 ad
1210 568 1274 593 ine

154 606 285 645 omnia
296 621 416 659 quam
427 608 717 661 diligentissime
731 609 955 660 perscribas,
977 617 1014 647 te
1032 608 1275 647 vehementer

151 672 256 712 rogo.
286 662 398 700 Vale.

158 817 273 870 (11.)
303 817 366 857 M.
387 817 438 857 T.
460 819 506 858 c.
527 819 648 858 IMP.
671 818 733 857 M.
755 820 1159 869 COEL10,AED1L1
1180 822 1276 862 cc.

417 893 425 899 -
563 874 721 922 num,
742 875 782 913 s.
798 874 864 912 D.

229 980 618 1031 (Argumentum—
633 981 917 1032 Prorogationis
951 988 1059 1019 metu
1099 982 1282 1020 sollicitus

161 1036 210 1072 ob
230 1035 352 1073 varias
371 1048 514 1083 causas,
536 1035 583 1073 de
601 1035 811 1086 pantheris,
835 1035 876 1073 in
901 1036 1013 1073 ludos
1032 1035 1152 1074 aedilis
1172 1036 1281 1075 Coelii

161 1088 369 1192 ῗζῇἰξῐζᾱὶε,
389 1089 542 1128 scribit:
573 1096 610 1127 et
629 1089 701 1128 sibi
718 1103 777 1128 res
804 1091 968 1128 urbanas
993 1090 1174 1141 perscribi
1191 1104 1283 1142 pos-

215 1251 427 1290 Putaraene
445 1263 620 1303 unquam
647 1251 816 1290 accidere
840 1265 962 1303 posse,
989 1259 1033 1290 ut
1055 1251 1153 1290 mihi
1171 1253 1288 1291 verba

163 1304 349 1354 deessent,
368 1318 494 1357 neque
518 1306 645 1344 solum
666 1305 739 1343 ista
768 1313 892 1344 vestra
920 1306 1095 1354 oratoria,
1117 1306 1182 1343 sed
1203 1306 1286 1344 haec

164 1359 282 1398 etiam
304 1359 405 1398 levia
422 1360 635 1399 nostratia?
665 1359 819 1398 Desunt
846 1368 978 1398 autem
1005 1368 1160 1411 propter
1186 1360 1286 1398 hanc

165 1426 334 1461 causam,
355 1414 459 1466 quod
488 1414 648 1452 mirifice
677 1427 764 1452 sum
793 1414 990 1463 sollicitus,
1024 1415 1212 1466 quidnam
1239 1413 1288 1452 de

165 1467 368 1519 provinciis
387 1468 622 1506 decernatur.
662 1468 815 1506 Mirum
835 1481 897 1506 me
925 1468 1154 1507 desiderium
1184 1476 1288 1506 tenet

166 1521 300 1571 Urbis,
320 1521 542 1561 incredibile
560 1535 751 1572 meorum,
771 1531 888 1574 atque
905 1523 946 1560 in
965 1523 1101 1574 primis
1128 1522 1200 1570 tui,
1229 1536 1290 1560 sa-

165 1576 275 1614 tietas
294 1583 425 1614 autem
443 1577 674 1628 provinciae3
703 1577 778 1625 vel,
807 1577 900 1629 quia
927 1577 1102 1615 videmur
1130 1589 1214 1615 eam
1233 1576 1292 1614 fa-

165 1642 273 1668 mam
291 1631 495 1679 consecuti,
515 1637 560 1669 ut
577 1643 655 1669 non
673 1639 755 1669 tam
768 1631 929 1670 accessio
940 1631 1158 1682 quaerenda,
1172 1643 1291 1682 quam

168 1684 324 1723 fortuna
334 1684 541 1723 metuenda
560 1685 632 1731 sit3
653 1686 727 1734 vel,
749 1685 840 1737 quia
858 1693 981 1723 totum
999 1685 1197 1736 negotium
1213 1697 1292 1723 non

170 1746 228 1777 oet
245 1738 410 1790 dig-num
434 1738 580 1778 viribus
604 1739 756 1788 nostris,
783 1739 852 1791 qui
876 1740 1024 1789 majora
1041 1752 1158 1777 onera
1174 1739 1215 1776 in
1234 1751 1294 1776 re-

170 1793 327 1844 publica
341 1793 524 1831 sustinere
542 1803 581 1831 et
593 1793 736 1844 possim
755 1801 793 1832 et
811 1794 980 1839 soleam3
1011 1794 1073 1832 vel
1091 1793 1183 1845 quia
1200 1793 1294 1831 belli

171 1846 306 1897 magni
318 1847 434 1885 timor
452 1846 663 1898 impendet,
677 1848 783 1899 quod
801 1847 978 1886 videmur
997 1847 1178 1899 effugere,
1199 1847 1231 1885 si
1244 1846 1296 1885 ad

171 1900 418 1939 constitutam
436 1901 538 1939 diem
557 1901 795 1940 decedemus.

226 1953 290 1991 De
317 1955 526 2005 pantheris,
555 1968 625 2007 per
649 1969 712 1994 eos
743 1955 812 2007 qui
844 1955 974 1994 venari
1002 1956 1138 2004 solent,
1168 1954 1296 2006 agitur

172 2007 356 2046 mandato
373 2021 461 2047 meo
479 2009 705 2071 diligenter,
736 2010 802 2049 sed
828 2010 927 2048 mira
953 2009 1124 2061 paucitas
1149 2017 1228 2047 oet.
1260 2016 1297 2046 et

176 2075 252 2108 ωε,
272 2075 360 2113 quae
371 2069 475 2123 sunt,
495 2063 606 2102 valde
623 2064 734 2102 aiunt
752 2064 876 2115 queri,
890 2064 995 2116 quod
1006 2063 1103 2102 nihil
1115 2063 1297 2113 cuiquam

174 2115 432 2154 insidiarum·
421 2129 463 2154 111
487 2117 576 2156 mea
595 2117 802 2179 provincia,
823 2118 896 2157 nisi
926 2118 1012 2165 sibi,
1039 2117 1117 2155 fiat.
1159 2117 1299 2180 Itaque

173 2169 412 2210 constituisse
435 2170 616 2210 dicuntur
647 2172 688 2210 in
717 2172 872 2211 Cariam
891 2185 939 2210 ex
958 2171 1087 2210 nostra
1104 2169 1300 2222 provincia

175 2223 366 2264 decedere.
395 2223 472 2264 Sed
490 2232 620 2265 tamen
634 2225 766 2266 sedulo
785 2226 844 2275 fit,
864 2235 903 2266 et
919 2226 960 2266 in
979 2225 1114 2279 primis
1132 2237 1156 2264 a
1174 2223 1301 2263 Patis-
