1481 2422
259 116 341 157 AD
369 116 670 158 DIVERSOS.
700 117 802 156 Lm.
833 116 911 156 XI.
945 117 1010 157 10.·
1133 117 1213 162 337

82 226 180 266 versi
201 226 278 266 sint
303 227 345 265 in
365 239 443 277 me,
467 227 711 279 exploratum
741 226 884 273 habes;
915 227 947 265 si
976 233 1111 265 tamen
1141 225 1216 265 hoc

83 282 267 334 temporis
285 281 459 321 videatur
486 282 562 320 dici
586 280 713 329 causa,
739 282 857 320 malle
882 294 947 320 me
970 288 1084 319 tuum
1109 281 1216 332 judi-

85 336 204 386 cium,
232 349 352 389 quam
378 349 426 375 ex
450 335 570 375 altera
591 345 700 388 parte
729 336 907 375 omnium
930 336 1105 374 istorum.
1146 335 1213 374 Tu

83 391 187 429 enim
212 404 236 430 a
260 398 362 430 certo
392 404 505 430 sensu
532 399 569 430 et
587 404 676 429 vero
698 390 848 441 judicas
875 390 922 429 de
942 391 1078 435 nobis;
1110 389 1216 443 quod

84 445 149 483 isti
165 457 215 484 ne
233 445 390 492 faciant,
418 446 574 484 summa
598 443 866 484 malevolentia
893 453 930 483 et
951 445 1005 483 liv
1006 458 1070 483 ore
1091 445 1216 496 impe-

82 499 255 539 diuntur.
285 501 540 552 Interpellent
557 513 634 548 me,
663 501 872 552 quominus
890 500 1100 538 honoratus
1123 500 1214 545 sim,

88 554 186 593 dum
222 567 272 594 ne
303 555 562 607 interpellent,
595 555 805 608 quominus
839 555 1057 607 respublica
1091 567 1114 592 a
1152 567 1215 592 me

79 610 282 648 commode
300 610 560 649 administrari
579 610 711 662 possit.
742 609 846 658 Quae
865 617 1011 662 quanto
1026 609 1074 648 sit
1093 608 1133 646 in
1148 622 1217 660 pe-

77 664 215 712 riculo,
237 677 356 717 quam
375 672 508 717 potero
526 665 763 713 brevissime,
784 677 990 717 exponam.

132 719 313 758 Primum
329 720 521 769 omnium,
539 727 726 772 quantam
741 719 1070 772 perturbationem
1084 731 1215 757 rerum

77 775 314 813 urbanarum
352 774 486 813 afferat
524 775 652 813 obitus
686 775 906 822 consulum,
946 781 1214 826 quantamque

77 828 329 881 cupiditatem
347 829 570 868 hominibus
588 829 735 879 injiciat
757 827 983 881 [vacuitas,]
998 841 1075 867 non
1096 835 1133 866 te
1152 828 1217 866 fu-

77 883 147 935 git.
177 883 277 923 Satis
295 896 359 922 me
377 884 504 922 multa
531 883 736 936 scripsisse,
764 897 852 936 quae
875 883 994 922 literis
1018 894 1216 922 commen-

77 937 161 977 dari
178 938 339 991 possint,
360 939 534 977 arbitror.
564 938 652 978 Scio
668 938 786 986 enim,
808 937 870 977 cui
890 937 1068 977 scribam.

133 993 321 1033 Revertor
347 1005 452 1032 nunc
480 993 530 1032 ad
548 993 801 1039 Antonium;
833 993 901 1045 qui
928 1006 976 1031 ex
1002 992 1098 1044 fuga
1125 1004 1215 1031 cum

76 1048 281 1101 parvulam
308 1060 474 1087 manum
502 1047 676 1086 militum
709 1048 868 1086 haberet
899 1047 1124 1095 inermium,
1157 1060 1216 1085 er-

76 1103 230 1155 gastula
261 1102 458 1151 solvendo,
485 1115 679 1155 omneque
704 1115 826 1155 genus
850 1102 1058 1141 hominum
1077 1101 1215 1153 arripi-

78 1157 191 1205 endo,
206 1158 297 1197 satis
311 1170 501 1210 magnum
516 1170 726 1196 numerum
744 1157 896 1196 videtur
909 1157 1086 1196 effecisse.
1122 1156 1216 1195 Huc

77 1212 234 1252 accessit
255 1225 395 1251 manus
415 1212 605 1259 Ventidii,
630 1225 718 1264 quae
744 1219 848 1250 trans
868 1212 1129 1264 Apenninum
1153 1211 1216 1249 iti-

75 1280 166 1306 nere
185 1267 285 1307 facto
303 1267 530 1306 difficillimo
549 1267 599 1305 ad
618 1267 735 1306 Vada
757 1267 944 1319 pervenit,
967 1274 1084 1319 atque
1101 1265 1156 1304 ibi
1175 1278 1216 1304 se

76 1335 167 1361 cum
186 1322 363 1361 Antonio
389 1322 604 1372 conjunxit.
641 1322 715 1360 Est
741 1334 925 1360 numerus
945 1329 1214 1361 veteranorum

77 1384 116 1416 et
140 1385 379 1416 armatorum
398 1376 489 1416 satis
508 1377 688 1429 frequens
708 1389 797 1416 cum
817 1376 1016 1415 Ventidio.

131 1432 302 1471 Consilia
333 1431 501 1470 Antonii
532 1431 615 1471 haec
645 1431 734 1479 sint,
765 1443 916 1470 necesse
946 1438 1029 1470 est:
1065 1436 1134 1469 aut
1165 1429 1216 1468 ad

77 1486 276 1539 Lepidum
294 1494 339 1526 ut
357 1500 396 1526 se
415 1486 598 1535 conferat,
625 1486 657 1525 si
675 1485 883 1538 recipitur3
914 1493 984 1524 aut
1000 1484 1216 1537 Apennino

76 1542 326 1594 Alpibusque
349 1555 388 1581 se
413 1548 554 1589 teneat,
585 1549 622 1580 et
647 1541 936 1580 decursionibus
964 1554 1033 1593 per
1051 1539 1213 1592 equitffi,

75 1609 174 1649 quos
191 1597 309 1636 habet
326 1597 485 1644 multos,
501 1603 622 1635 vastet
641 1609 685 1635 ea
703 1596 800 1645 loca,
813 1595 855 1634 in
875 1609 964 1647 quae
982 1594 1211 1641 incurrerit3

75 1659 145 1690 aut
163 1664 294 1690 rursus
313 1665 352 1690 se
370 1651 411 1689 in
430 1651 632 1689 Etruriam
651 1651 805 1699 referat,
835 1650 941 1702 quod.
960 1663 1004 1689 ea
1022 1663 1111 1702 pars
1133 1649 1215 1687 Ita-

76 1706 139 1745 liae
163 1706 244 1745 sine
272 1706 441 1745 exercitu
472 1713 538 1744 est.
573 1705 694 1754 Quod
720 1705 752 1744 si
779 1717 843 1743 me
871 1703 1002 1744 Caesar
1027 1704 1213 1751 audisset,

75 1768 193 1813 atque
208 1761 465 1813 Apenninum
484 1762 696 1808 transisset,
710 1760 751 1798 in
771 1766 898 1798 tantas
913 1759 1112 1811 angustias
1123 1759 1212 1797 An-

75 1816 228 1855 tonium
257 1815 546 1868 compulissem,
577 1822 623 1853 ut
648 1815 781 1867 inopia
810 1814 940 1867 potius
965 1827 1086 1866 quam
1112 1813 1213 1852 ferro

75 1870 336 1910 conficeretur.
366 1870 443 1910 Sed
461 1883 587 1922 neque
618 1867 795 1909 Caesari
784 1868 966 1921 mlperari
983 1875 1122 1933 potest,
1143 1881 1214 1907 nec

77 1924 206 1965 (δεδω-
225 1925 408 1964 exercitui
428 1938 524 1963 suo:
555 1924 662 1977 quod
678 1931 891 1976 utrumque
909 1923 1122 1976 pessimum
1144 1930 1213 1961 est.

133 1979 238 2023 Cum
256 1979 340 2019 haec
357 1979 450 2018 talia
468 1979 570 2025 sint;
600 1979 824 2031 quominus,
846 1978 952 2030 quod
970 1977 1020 2016 ad
1037 1990 1102 2016 me
1126 1989 1215 2029 per-

74 2034 228 2083 tinebit,
254 2033 430 2073 homines
458 2034 715 2086 interpellent,
744 2042 790 2072 ut
817 2046 934 2084 supra
956 2032 1104 2093 scripsi,
1133 2043 1212 2070 non

74 2089 257 2141 impedio.
286 2089 386 2128 Haec
405 2088 736 2141 quemadmodum
752 2087 935 2140 explicari
948 2087 1112 2139 possint,
1128 2093 1210 2135 aut,

75 2157 101 2183 a
119 2151 156 2183 te
175 2156 266 2182 cum
285 2143 597 2196 explicabuntur,
611 2156 660 2182 ne
673 2142 950 2195 impediantur,
971 2141 1103 2180 timeo.

130 2198 282 2237 Alere
267 2211 350 2248 jam
377 2198 519 2237 milite-s
545 2211 623 2237 non
648 2210 820 2250 possum.
855 2196 960 2235 Cum
985 2195 1035 2235 ad
1054 2208 1215 2247 rempu-

76 2253 218 2292 blicam
246 2252 487 2291 liberandam
516 2253 668 2300 accessi,
699 2252 763 2291 H
745 2253 771 2286 Q
799 2250 899 2290 mihi
924 2251 999 2289 fuit
1028 2249 1214 2303 quadn‘n-

134 2306 306 2360 (Epist.)
338 2318 445 2347 voL.
468 2319 498 2346 1.
857 2307 882 2343 2
904 2317 930 2343 G
