1501 2407
342 73 426 112 AD
457 71 755 111 DIVERSOS.
787 71 888 109 Lus.
919 71 1001 109 III.
1033 72 1072 108 8.
1214 73 1265 115 67

136 194 297 234 magnos
313 181 538 221 arbitrabar.
568 180 708 219 Postea
726 193 829 227 vero,
856 193 922 230 qua
912 192 974 217 1111
993 179 1048 217 ita
1067 187 1105 217 et
1123 181 1206 231 cepi
1225 187 1262 218 et

134 237 233 288 gessi
251 236 424 274 maxima
442 234 618 287 imperia,
648 243 694 273 ut
718 233 816 272 mihi
842 233 953 280 nihil,
981 245 1105 284 neque
1124 234 1173 272 ad
1191 235 1261 272 ho-

134 303 268 329 norem
297 303 422 342 neque
455 289 506 327 ad
535 289 713 340 gloriam,
745 287 1021 340 acquirendum
1054 296 1257 338 putarenu

134 345 370 406 superiorem
388 343 546 396 quidem
574 355 791 395 nimquam,
824 341 890 380 sed
919 354 1053 393 parem
1072 342 1179 381 vobis
1197 355 1261 381 me

134 399 284 450 speravi
303 412 382 437 esse
399 398 558 436 factum.
587 398 686 445 Nec,
707 395 938 443 mehercule,
959 396 1069 434 aliter
1087 396 1166 435 vidi
1192 410 1260 434 ex-

133 453 317 501 istimare,
331 453 396 495 ve]
412 452 485 491 Cn.
504 452 754 504 Pompeium,
772 464 888 502 quem
904 451 1083 488 omnibus
1098 451 1166 501 qui
1185 463 1260 489 un-

132 521 252 559 quam
271 508 443 555 fuerunt,
470 507 531 545 vel
561 507 607 545 P.
633 507 863 550 Lentulum,
893 517 1010 556 quem
1039 504 1138 542 mihi
1170 505 1258 557 ipsi,

131 569 333 614 antepono.

189 616 256 654 Tu
275 616 308 654 si
327 616 437 655 aliter
455 616 665 663 existimas,
686 614 784 653 nihil
803 615 959 661 errabis,
986 614 1018 651 si
1036 614 1152 663 paulo
1171 613 1261 651 (1111-

132 670 298 722 gentius,
320 673 396 718 (ut,
417 671 513 723 quid
531 670 579 709 sit
599 685 688 716 ευγε
688 685 765 716 εια,
786 668 881 719 quid
910 668 958 706 sit
985 667 1210 714 nobilitas,
1199 681 1260 705 m-

133 725 300 776 18111335)
323 725 613 772 Athenodorus,
644 723 834 762 Sandonis
860 722 978 770 filius,
1005 722 1100 774 quid
1125 722 1172 760 de
1199 722 1259 761 his

133 781 245 818 rebus
264 779 378 826 dicat,
399 778 614 818 attenderis.
656 777 746 825 Sed,
767 786 811 815 ut
829 776 879 814 ad
897 790 978 815 rem
1006 777 1175 825 redeam,
1194 789 1259 815 me

134 833 204 872 tibi
226 846 304 872 non
323 834 494 872 amicum
511 833 642 880 mod0,
663 845 797 871 verum
819 831 935 869 etiam
965 831 1258 878 amicissimum,

133 888 327 927 existimes
345 888 473 926 velim.
514 887 690 926 Profecto
708 886 888 924 omnibus
914 885 1009 923 meis
1028 885 1159 924 officiis
1179 885 1259 923 effi-

132 942 247 990 ciam,
267 950 312 981 ut
329 942 383 981 ita
401 955 479 981 esse
498 955 584 980 vere
602 940 722 992 possis
738 939 920 989 judicare.
951 940 1018 977 Tu
1031 948 1160 978 autem
1174 940 1204 978 si
1219 939 1260 978 id

133 997 228 1047 agis,
249 1004 294 1035 ut
311 997 442 1035 minus
460 997 549 1034 mea
575 995 703 1041 831153,
735 995 831 1032 dum
857 1007 928 1045 ego
952 994 1090 1043 absim,
1121 994 1259 1033 debere

133 1050 308 1098 videaris,
325 1064 444 1103 quam
459 1064 528 1102 ego
543 1051 610 1088 tuii
625 1048 832 1087 laborarim
848 1062 860 1094 3
879 1048 1135 1087 1111810181513
1149 1048 1254 1087 cura.

216 1153 658 1166 ...............
681 1126 768 1175 παβ
791 1140 866 1171 εμοι
887 1140 927 1172 γε
949 1141 1007 1162 και
1028 1131 1150 1173 amm,

214 1184 261 1219 Ol
280 1197 319 1217 κε
342 1196 388 1229 με
409 1197 495 1228 τιμη
505 1195 622 1226 σουσι,
647 1187 818 1228 μαλιστα
837 1179 871 1216 δε
891 1194 1051 1227 'un-rcere(
1071 1185 1168 1222 Ζευς.

186 1269 229 1308 Si
247 1275 378 1307 autem
396 1267 537 1306 natura
556 1280 596 1305 es
618 1274 686 1316 φιλ
691 1281 804 1303 <xa-mo:
789 1295 818 1314 ,
842 1266 942 1304 1111111
967 1279 1045 1304 non
1071 1267 1202 1318 perfici
1190 1281 1259 1314 85,

132 1337 210 1386 quo
223 1323 353 1361 minus
374 1322 443 1360 tua
460 1334 576 1360 causa
594 1320 734 1359 velim:
757 1321 793 1358 h
769 1334 830 1359 08
841 1322 1055 1373 assequere,
1068 1329 1126 1369 ut,
1141 1335 1261 1372 quam

133 1379 174 1416 in
198 1386 349 1429 partem
374 1384 417 1414 tu
443 1376 620 1427 accipias,
650 1375 780 1413 minus
809 1376 993 1413 laborem.
1039 1375 1137 1414 Haec
1155 1375 1204 1413 ad
1223 1383 1260 1414 te

133 1431 267 1484 scripsi
283 1431 454 1479 liberius,
474 1430 596 1469 fretus
615 1428 842 1468 conscientia
856 1429 969 1467 officii
987 1429 1079 1477 mei,
1095 1431 1260 1468 benevo-

133 1487 360 1538 lentiaeque;
375 1498 508 1537 quam,
518 1498 542 1523 a
551 1498 614 1523 me
626 1491 726 1523 certo
735 1498 750 1534 J
742 1483 881 1523 udicio
892 1490 1123 1536 susceptam,
1133 1484 1261 1536 quoad

135 1550 178 1582 tu
197 1541 315 1591 voles,
330 1541 572 1579 conservabo.
600 1539 714 1578 Vale.

137 1701 229 1755 (8.)
258 1703 322 1743 M.
349 1704 401 1743 T.
429 1704 475 1743 C.
519 1702 815 1797 PR()C({{)I{.OS.
838 1702 892 1742 D.
921 1702 1102 1743 APPIO
1130 1701 1265 1742 PUL-

194 1867 522 1918 (Argumentum.
537 1889 591 1897 —
606 1865 783 1913 Refellit,
814 1880 902 1918 quae
932 1867 1091 1919 Appius
1118 1869 1266 1918 objece-

139 1929 225 1961 rat:
255 1923 484 1974 probatque,
516 1922 549 1960 si
578 1921 674 1973 quid
699 1921 830 1972 egerit,
860 1922 966 1973 quod
992 1921 1125 1973 inique
1149 1922 1267 1961 inter-

141 1983 313 2028 pretetur
333 1976 508 2028 Appius,
537 1984 607 2015 aut
637 1975 902 2027 imprudenter
919 1976 1035 2014 illum
1052 1975 1190 2025 facere,
1207 1978 1276 2028 qui

142 2031 422 2069 malevolorum
447 2030 689 2069 sermonibus
712 2030 865 2077 credat,
854 2044 864 2054 ·
895 2037 963 2069 aut
990 2037 1116 2069 astute
1143 2031 1273 2079 nimis,

143 2085 227 2137 qui,
266 2098 356 2136 quae
387 2084 461 2122 sibi
496 2085 538 2123 in
563 2092 736 2124 mentem
761 2084 930 2133 veniant,
961 2084 1047 2123 aliis
1075 2085 1272 2124 attribuat.

142 2138 301 2178 Deinde
322 2145 479 2200 gratum
504 2139 578 2178 sibi
597 2153 684 2179 esse
708 2139 888 2201 ostendit,
915 2138 1021 2191 quod
1048 2138 1097 2177 de
1122 2139 1281 2177 urbanis

146 2195 262 2232 rebus
289 2193 563 2245 perscripserit,
584 2201 622 2233 et
640 2194 857 2246 promiserit
875 2194 923 2232 de
942 2193 1044 2232 suis:
1076 2193 1116 2231 in
1139 2193 1280 2244 quibus

148 2247 190 2287 id
208 2247 380 2288 maxime
403 2255 525 2299 rogat,
553 2262 602 2288 ne
620 2248 816 2301 prorogari
842 2247 1079 2303 provinciam
1098 2247 1280 2300 patiatur-
