1501 2407
194 92 269 132 108
380 90 462 129 AD
492 90 1018 131 DIVERSOS.L113.1V.
1053 92 1115 130 13.

187 199 346 238 videbis
374 199 477 260 Ego.
491 198 595 251 quod
623 198 833 250 intelligere
858 206 895 238 et
917 198 1054 238 sentire
1080 197 1190 250 (quia
1213 209 1301 236 sum

185 253 337 299 Romae,
357 261 395 292 et
412 252 504 305 quia
521 265 612 292 curo
634 253 880 305 attendoque)
903 265 1073 304 possum,
1096 252 1138 290 id
1155 251 1226 290 tibi
1244 250 1303 289 af-

187 307 314 354 firmo,
329 315 368 346 te
385 307 425 344 in
445 307 525 345 istis
542 306 738 355 molestiis,
754 307 794 344 in
813 307 954 358 quibus
972 320 1011 345 es
1028 306 1101 345 hoc
1118 313 1303 367 tempore,

184 372 263 399 non
281 361 426 399 diutius
444 361 645 398 futurum·
634 389 645 405 ,
675 360 716 398 in
734 360 780 399 iis
799 368 941 409 autem,
962 361 1002 398 in
1022 360 1163 412 quibus
1187 359 1303 398 etiam

182 426 251 454 nos
270 427 417 463 sumus,
437 414 592 452 fortasse
607 427 753 465 semper
771 414 862 452 fore.

236 469 381 507 Videor
406 467 503 506 mihi
529 468 740 519 perspicere
767 469 939 519 primum
962 467 1083 519 ipsius
1105 468 1298 515 animum,

184 522 253 574 qui
271 522 485 573 plurimum
502 529 640 573 potest,
665 534 898 573 propensum
923 522 972 559 ad
997 522 1160 560 salutem
1178 529 1302 559 tuam.

183 576 279 614 Non
297 576 417 614 scribo
435 575 506 613 hoc
524 583 676 613 temere.
716 575 808 622 Quo
829 575 958 613 minus
980 575 1179 613 familiaris
1198 587 1300 624 sum,

183 628 256 668 1106
274 642 360 667 511111
383 629 432 667 ad
457 628 766 680 investigandum
793 629 983 667 curiosior.
1023 629 1114 676 Quo
1136 629 1301 676 facilius,

183 683 325 734 quibus
344 690 399 720 est
416 683 559 730 iratior,
580 682 806 733 respondere
831 682 977 720 tristius
999 682 1131 734 possit,
1157 683 1230 722 hoc
1248 689 1304 721 est

181 737 307 775 adhuc
331 736 471 774 tardior
495 736 544 773 ad
566 744 603 773 te
624 735 800 773 molestia
827 736 1081 774 liberandum.
1118 736 1305 775 Familia-

181 803 240 828 135
259 803 346 828 vero
365 791 462 838 ejus,
479 798 515 827 et
534 789 562 826 ii
581 789 738 840 quidem
758 788 825 840 qui
843 789 900 826 illi
916 789 1185 850 jucundissimi
1198 797 1302 838 sunt,

181 844 407 882 mirabiliter
433 843 480 881 de
503 852 539 881 te
562 851 599 880 et
623 843 849 894 loquuntur,
875 850 911 881 et
929 843 1110 881 sentiunt.
1143 844 1306 882 Accedit

183 897 316 935 eodem
329 897 435 948 vulgi
455 897 645 957 voluntas,
667 897 727 934 vel
745 896 872 948 potius
892 909 1094 935 consensus
1112 897 1301 936 omnium.

181 949 314 989 Etiam
341 951 420 997 illa,
438 964 525 1001 quae
551 950 760 987 111111111111111
779 962 882 988 1111116
901 950 1058 1001 quidem
1079 958 1216 1002 potest,
1237 951 1303 990 sed

181 1005 298 1055 possit
321 1017 469 1042 necesse
494 1011 564 1051 est,
584 1004 812 1054 respublica,
836 1017 1099 1056 quascumque
1117 1004 1214 1043 vires
1231 1005 1303 1044 ha-

179 1059 298 1104 bebit,
319 1059 366 1095 ab
390 1058 435 1095 iis
460 1058 565 1109 ipsis,
586 1058 726 1109 quibus
748 1064 911 1107 tenetur,
935 1057 983 1096 de
1009 1066 1047 1096 te
1079 1059 1303 1110 propediem

183 1087 299 1164 (mihi
318 1112 442 1157 crede)
462 1111 695 1162 impetrabit.

232 1165 366 1204 Redeo
383 1165 501 1215 1811111
519 1165 568 1202 ad
585 1164 636 1209 id,
658 1172 703 1202 ut
717 1166 799 1215 jam
814 1165 884 1204 tibi
903 1165 1018 1204 etiam
1037 1166 1216 1218 pollicear
1230 1166 1301 1204 ali-

177 1219 287 1271 quid,
300 1219 404 1270 quod
417 1219 542 1270 primo
556 1218 770 1257 omiseram.
800 1219 907 1257 Nam
920 1226 958 1257 et
972 1221 1201 1271 complectar
1219 1221 1303 1270 ejus

178 1272 507 1318 familiarissimos,
522 1272 589 1324 qui
607 1285 671 1310 me
689 1273 899 1310 admodum
919 1273 1099 1324 diligunt,
1112 1274 1303 1312 multum-

178 1339 255 1378 que
271 1339 424 1364 mecum
443 1333 557 1364 sunt:
589 1333 625 1364 et
643 1327 683 1363 111
701 1326 821 1377 ipsius
840 1327 1169 1376 consuetudinem,
1183 1338 1303 1379 quam

179 1380 304 1419 adhuc
323 1392 431 1418 meus
455 1379 580 1430 pudor
598 1379 696 1417 mihi
715 1379 863 1426 clausit,
886 1380 1116 1419 insinuabo.
1148 1388 1186 1419 et
1204 1388 1303 1420 certe

179 1447 310 1472 omnes
329 1433 407 1471 vias
425 1446 642 1485 persequar,
663 1433 804 1484 quibus
823 1435 982 1484 putabo,
995 1434 1044 1472 ad
1061 1434 1102 1472 id
1120 1435 1224 1486 quod
1235 1446 1303 1474 vo-

177 1489 324 1534 lumus,
344 1487 539 1538 pervenire
557 1500 676 1538 posse.
708 1488 757 1525 In
775 1487 848 1525 hoc
867 1495 945 1525 toto
963 1500 1101 1538 genere
1120 1489 1234 1540 plura
1244 1488 1303 1527 fa-

179 1541 292 1589 ciam,
313 1553 432 1592 quam
448 1541 608 1578 scribere
627 1540 775 1578 311(160·
798 1548 947 1589 caetera,
963 1551 1050 1592 quae
1068 1541 1138 1580 tibi
1157 1555 1181 1580 a
1198 1541 1302 1580 mul—

178 1596 227 1634 tis
256 1602 409 1655 promta
439 1607 518 1632 esse
544 1603 644 1632 certo
672 1594 761 1641 5610,
790 1607 814 1632 3
840 1607 903 1632 me
931 1602 1022 1632 sunt
1047 1595 1300 1646 paratissima.

179 1648 319 1687 Nihil
309 1661 349 1685 111
368 1661 410 1686 16
426 1647 605 1685 familiari
619 1660 707 1686 mea
721 1655 789 1695 est,
803 1648 908 1699 quod
926 1661 998 1698 ego
1013 1661 1146 1686 meum
1163 1649 1300 1688 malim

179 1716 259 1741 ffise
277 1714 395 1753 quam
413 1708 538 1739 tuum.
569 1701 657 1739 Hac
683 1701 731 1739 de
748 1714 803 1748 re,
828 1709 866 1739 et
887 1701 935 1740 de
958 1702 1031 1740 hoc
1048 1715 1186 1753 genere
1203 1710 1297 1751 toto,

178 1756 252 1795 hoc
273 1755 393 1794 scribo
416 1755 581 1805 parcius,
608 1755 712 1805 quod
735 1762 773 1792 te
796 1754 867 1804 (id,
895 1755 999 1807 quod
1021 1755 1103 1808 ipse
1131 1756 1298 1805 confido)

181 1822 333 1862 sperare
351 1809 469 1856 malo,
490 1821 569 1846 6556
586 1821 748 1846 usurum
767 1808 857 1846 tuis.

231 1864 465 1902 Extremum
489 1861 588 1899 illud
607 1870 675 1909 est,
696 1869 741 1900 ut
759 1869 796 1899 te
814 1873 918 1900 orem
937 1868 975 1900 61
993 1864 1199 1925 obsecrem,
1215 1864 1297 1902 ani-

176 1931 242 1956 mo
259 1924 305 1955 ut
323 1916 492 1954 maximo
511 1915 587 1953 sis.
618 1927 687 1953 1166
706 1916 886 1953 6350111111
905 1917 1137 1978 memineris,
1153 1930 1240 1969 quae
1251 1919 1301 1956 ab

179 1972 263 2010 aliis
281 1969 431 2020 magnis
452 1969 541 2007 viris
560 1969 748 2019 accepisti,
773 1969 839 2006 sed
863 1969 932 2007 illa
956 1970 1085 2017 etiam,
1106 1984 1194 2021 quae
1219 1971 1300 2022 ipse

178 2024 332 2076 ingenio
350 2023 551 2073 studioque
569 2022 759 2073 peperisti.
790 2022 891 2070 Quae
906 2024 937 2061 si
955 2025 1129 2075 colliges3
1160 2031 1198 2062 et
1215 2037 1300 2076 spe-

179 2079 280 2118 rabis
299 2077 428 2116 omnia
446 2076 603 2127 optime,
621 2083 671 2123 et,
696 2089 784 2127 quae
805 2076 988 2124 accident,
1002 2078 1300 2129 qualiacumque

181 2139 307 2179 erunt,
328 2130 514 2182 sapienter
531 2129 638 2168 feres.
669 2129 745 2168 Sed
756 2129 838 2168 haec
851 2138 893 2168 tu
908 2131 1060 2177 melius,
1075 2132 1136 2169 vel
1153 2132 1312 2183 optime

183 2185 371 2226 omnium.
399 2183 505 2234 EgO,
521 2196 609 2235 quae
625 2183 814 2234 pertinere
841 2183 890 2222 ad
908 2192 946 2222 te
963 2184 1190 2236 intelligam,
1221 2192 1303 2224 stu-
