1481 2422
213 112 294 153 288
432 112 517 152 AD
546 110 848 152 DIVERSOS.
878 110 982 150 ΙΛΒ.
1010 109 1065 150 X.
1095 110 1134 151 8.

265 222 359 262 Non
372 221 541 266 (medius
552 220 686 272 fidius)
702 220 886 260 mediocri
896 220 1028 260 dolore
1037 218 1242 268 afficiebar,
1254 229 1349 260 cum

207 278 274 316 alii
306 290 494 330 occupare
521 276 800 329 possessionem
836 275 964 314 laudis
1000 274 1221 314 viderentur
1233 288 1246 313 z
1275 272 1345 312 sed

207 345 334 385 usque
362 331 462 370 mihi
490 330 715 384 temperavi,
736 330 832 368 dum
851 329 1100 382 perducerem
1116 341 1162 368 eo
1180 341 1278 376 rem,
1298 334 1345 366 ut

207 387 372 439 dignum
391 385 540 438 aliquid
558 393 596 424 et
614 385 815 424 consulatu
833 397 921 423 meo
940 391 978 423 et
996 384 1123 422 vostra
1146 396 1168 422 e

206 441 311 481 tione
337 440 536 479 efficerem.
567 439 687 488 Quod
707 452 831 491 spero,
855 439 887 477 si
905 451 970 476 me
998 438 1155 477 fortuna
1182 449 1262 476 non
1287 436 1344 475 fe-

205 495 360 543 fellerit,
380 508 444 534 me
463 502 772 542 consecuturum,
803 500 849 531 ut
866 492 1041 531 maximo
1064 491 1243 544 prasidio
1269 490 1345 530 rei-

204 550 372 602 publicae
390 561 459 588 nos
477 549 608 596 fuisse,
629 556 667 586 et
686 559 790 586 nunc
818 547 985 585 sentiant
1007 546 1199 592 homines,
1231 553 1271 585 et
1299 545 1342 584 in

205 613 403 656 posterum
422 603 611 642 memori-2),
630 609 797 640 teneant.
837 603 879 639 A
899 609 937 640 te
966 609 1069 653 peto,
1098 609 1144 640 ut
1161 598 1342 652 dignitati

204 672 303 698 meae
321 657 569 709 suffrageris3
600 663 651 703 et,
681 667 850 708 quarum
878 668 1009 694 rerum
1028 669 1096 708 spe
1114 655 1165 694 ad
1181 653 1343 694 laudem

204 726 270 752 me
289 712 447 759 vocasti,
468 711 608 750 harum
627 711 756 750 fructu
775 710 816 748 in
836 710 1032 762 reliquum
1045 709 1164 749 facias
1181 708 1342 748 alam-io-

205 781 300 806 rem.
331 767 424 805 Non
444 766 576 804 minus
594 778 704 817 posse
727 774 780 812 te,
807 777 928 817 quam
957 765 1068 811 velle,
1095 764 1341 817 exploratum

206 822 305 861 mihi
324 829 391 861 est.
420 820 499 859 Fac
520 820 661 869 valaes,
681 831 824 872 meque
841 826 980 858 mutuo
998 819 1149 871 diligas.

235 985 328 1039 (8.)
378 986 660 1035 PLANCUS,
696 985 819 1025 IMP.
850 983 1012 1024 CONS.
1042 983 1165 1024 DES.
1195 983 1236 1023 S.
1262 982 1318 1022 D.

204 1041 353 1082 COSS.
377 1041 463 1080 PR.
482 1041 638 1080 TRIB.
657 1041 822 1080 PLEB.
841 1034 964 1079 SEN.
980 1038 1105 1079 POP.
1121 1038 1206 1078 1²12.
1218 1038 1273 1088 Q.
1286 1038 1340 1078 R.

261 1152 591 1202 (Argumentum.
616 1172 669 1179 -—
687 1149 834 1189 Causas
852 1148 978 1198 affert,
999 1161 1120 1188 curse
1132 1147 1344 1187 semliber-

203 1205 293 1245 tatis
312 1205 551 1245 defensorem
570 1206 818 1257 profiteatur:
849 1211 888 1243 et
915 1203 964 1242 de
993 1202 1164 1242 exercitu
1189 1209 1229 1242 et
1254 1214 1345 1256 pro-

205 1260 340 1299 vinciae
358 1268 460 1299 statu
480 1258 703 1312 significat.)

258 1370 300 1410 Si
320 1369 382 1408 cui
401 1368 498 1408 forte
513 1369 644 1408 videor
659 1369 804 1407 diutius
820 1376 857 1407 et
869 1367 1076 1406 hominum
1091 1366 1342 1420 exspectatio-

202 1436 309 1472 nem,
331 1432 369 1462 et
387 1437 494 1476 spem
514 1423 736 1475 reipublicae
754 1423 803 1462 de
821 1423 910 1461 mea
938 1423 1150 1470 voluntate,
1175 1421 1342 1461 tenuisse

203 1491 428 1531 suspensam
444 1492 456 1523 ;
477 1477 568 1516 huic
587 1478 694 1529 prius
708 1477 973 1516 excusandum
987 1489 1051 1515 me
1065 1488 1146 1515 esse
1160 1476 1339 1523 arbitror,

203 1546 323 1585 quam
345 1533 393 1571 de
415 1532 633 1584 insequenti
657 1532 782 1571 officio
812 1531 1029 1584 quidquam
1057 1530 1131 1568 ulli
1155 1530 1340 1583 pollicen-

202 1589 312 1627 dum.
343 1588 434 1625 Non
455 1587 558 1625 enim
574 1587 807 1638 praeteritam
829 1586 986 1638 culpam
1006 1584 1126 1624 videri
1146 1585 1234 1624 volo
1251 1585 1339 1624 red-

203 1644 353 1685 emisse,
375 1641 441 1680 sed
460 1642 617 1693 optimae
636 1641 777 1680 men⁶is
797 1640 962 1692 cogitata
977 1639 1229 1691 jampridem,
1252 1652 1339 1678 ma-

200 1707 289 1735 turo
309 1706 495 1746 tempore,
510 1696 720 1734 enuntiare.
745 1696 837 1734 Non
851 1707 914 1733 me
928 1694 1161 1746 praeteribat,
1174 1695 1216 1733 in
1231 1694 1341 1733 tanti

201 1751 460 1790 sollicitudine
480 1751 700 1797 hominum,
721 1758 758 1788 et
776 1757 857 1787 tarn
883 1751 1106 1800 perturbato
1124 1757 1227 1788 statu
1246 1748 1341 1788 civi·-

202 1806 304 1850 tatis,
324 1805 669 1843 fructuosissimam
687 1817 767 1842 esse
786 1803 1060 1856 professionem
1077 1805 1189 1841 bonae
1202 1803 1341 1842 volun-

201 1860 320 1898 tatis:
351 1872 590 1910 magnosque
619 1859 781 1898 honores
811 1871 859 1896 ex
880 1859 924 1897 ea
944 1871 985 1896 re
1003 1858 1221 1909 complures
1248 1870 1340 1897 con-

203 1922 352 1953 secutos
372 1914 563 1952 videbam.
591 1913 681 1959 Sed,
698 1926 787 1952 cum
801 1912 840 1950 in
857 1925 947 1950 eum
962 1925 1095 1951 casum
1109 1925 1172 1950 me
1184 1911 1340 1951 fortuna

203 1969 430 2015 demisisset,
452 1976 496 2006 ut
515 1975 596 2013 aut,
619 1968 789 2006 celeriter
806 1966 1039 2019 pollicendo,
1065 1979 1209 2018 magna
1239 1966 1340 2005 mihi

200 2023 242 2077 ip
254 2037 282 2062 *e
302 2023 351 2061 ad
371 2022 648 2074 proficiendum
668 2022 946 2074 impedimenta
964 2033 1225 2073 opponerem;
1253 2028 1338 2070 aut,

200 2093 231 2116 s:
251 2079 290 2115 in
312 2090 355 2116 eo
381 2077 478 2115 mihi
499 2077 826 2128 temperavissem,
862 2077 1027 2125 majores
1057 2076 1270 2114 occasion&
1287 2075 1339 2114 ad

203 2131 475 2184 opitulandum
495 2131 700 2170 haberem:
723 2130 938 2183 expeditius
957 2131 1028 2168 iter
1046 2129 1265 2168 communis
1279 2142 1340 2168 sa-

203 2187 311 2231 lucis,
333 2199 451 2239 quam
472 2199 569 2224 rneae
587 2186 727 2232 laudis,
749 2198 831 2223 esse
850 2185 967 2223 volui.

259 2242 365 2280 Nam
386 2241 488 2293 quiS‚
509 2241 548 2279 in
570 2241 614 2279 ea
635 2240 788 2279 fortuna
821 2253 909 2292 quae
934 2253 1019 2278 mea
1045 2246 1115 2285 est,
1147 2246 1186 2277 et
1214 2240 1265 2278 ab
1294 2239 1341 2278 εἰ

1415 2252 1449 2422 mni-⁴⁴⁴
1435 2149 1447 2236 uvat.-
1438 2051 1448 2116 ..---
