1501 2407
267 109 351 148 AD
380 111 679 151 DIVERSOS.
709 111 810 150 Lm.
841 112 916 151 IV.
947 114 985 150 6.
1134 111 1186 155 97

71 218 213 266 virum,
233 226 272 257 et
285 220 437 272 magnis
452 222 565 259 rebus
583 220 712 272 gestis,
729 220 882 266 amisit3
913 229 951 258 et
965 219 1014 258 L.
1029 218 1192 269 Paulus,

68 273 138 324 qui
166 273 243 311 duo
258 283 422 334 septem
452 274 615 320 diebus3
646 282 683 313 et
719 282 841 313 vester
871 274 1026 320 Gallus,
1060 281 1098 312 et
1127 274 1192 312 Μ.

70 326 182 375 Cato,
202 327 270 388 qui
284 342 437 368 summo
455 329 624 380 ingenio,
638 342 794 367 summa
808 329 948 380 virtute
962 328 1087 366 filium
1107 341 1194 380 per-

68 380 210 430 didit,
199 383 245 420 115
264 384 503 435 temporibus
522 383 692 431 fuerunt,
714 390 759 421 ut
778 396 911 422 eorum
929 382 1104 421 luctum
1093 395 1197 433 ipso-

70 447 159 473 rum
188 435 354 486 dignitas
385 438 642 476 consolaretur
665 450 722 486 ea,
751 450 870 489 quam
901 450 949 476 ex
972 450 1012 475 re
1041 435 1197 497 publica

70 494 410 540 consequebantur.
440 491 546 529 Mihi
565 501 710 539 autem,
731 491 879 530 arnissis
898 491 1131 530 ornamentis
1150 490 1197 529 115

69 556 156 594 quae
173 544 254 595 ipse
273 559 565 593 commemora-S,
586 559 750 597 quaeque
765 559 869 584 eram
890 545 1070 583 maximis
1088 536 1196 583 labo-

69 597 175 636 ribus
204 600 379 652 adeptus,
400 613 525 638 unum
549 602 731 638 manebat
756 599 855 638 illud
875 600 1068 647 solatium,
1093 599 1199 661 quod

71 660 245 703 ereptum
277 663 346 693 est,
388 655 482 693 Non
511 654 724 692 amicorum
753 654 929 705 negotiis,
960 666 1038 692 non
1067 654 1198 705 reipu-

69 706 179 744 blicae
197 709 476 770 procuratione,
491 708 800 760 impediebantur
813 709 1059 759 cogitationes
1070 721 1195 746 meae.

70 759 168 798 nihil
197 763 238 801 in
267 763 349 802 foro
379 776 491 814 agere
518 763 686 801 libebat.
719 763 911 814 adspicere
944 763 1089 801 curiam
1119 775 1199 800 non

71 822 270 866 poteram:
303 818 571 856 existimabam
591 817 662 863 (id,
683 816 788 869 quod
808 824 904 864 erat)
930 830 1062 855 omnes
1081 829 1144 854 me
1164 824 1203 856 et

69 869 267 910 industriae
295 885 393 910 meae
424 872 571 910 fructus
598 878 635 910 et
664 871 828 910 fortunae
857 871 1076 922 perdidisse.
1108 871 1199 919 Sed,

71 936 162 962 cum
182 927 403 987 cogitarem,
422 926 505 964 haec
534 926 631 963 mihi
650 934 777 964 tecum
798 934 835 965 et
854 939 943 963 cum
963 925 1198 977 quibusdam

72 990 152 1016 esse
182 980 432 1025 communia3
463 988 501 1018 et
530 993 620 1018 cum
649 980 866 1031 frangerem
893 982 978 1030 jam
1010 981 1092 1031 ipse
1120 993 1200 1028 me,

71 1045 324 1087 cogeremque
341 1035 411 1073 illa
428 1034 525 1073 ferre
544 1035 776 1079 toleranter3
806 1034 998 1073 habebam
1013 1047 1090 1086 quo
1111 1047 1202 1073 con-

71 1086 263 1138 fugerem,
295 1089 364 1127 ubi
394 1090 713 1140 conquiescerem,
750 1090 859 1138 cujus
889 1089 928 1127 in
960 1101 1133 1127 sermone
1163 1095 1203 1127 et

74 1143 260 1182 suavitate
278 1156 410 1182 omnes
430 1156 538 1182 curas
557 1143 781 1195 doloresque
800 1144 1041 1204 deponerem.

129 1197 249 1236 Nunc
271 1205 416 1246 autem,
445 1198 517 1237 hoc
542 1206 622 1236 tam
647 1198 755 1249 gravi
778 1199 950 1244 vulnere,
978 1197 1092 1235 etiam
1117 1197 1200 1246 illa,

74 1264 163 1302 quae
175 1252 416 1291 consanuisse
424 1252 665 1299 videbantur,
675 1252 956 1290 recrudescunt,
977 1252 1069 1289 Non
1083 1253 1202 1298 enim,

74 1312 121 1343 ut
138 1313 224 1344 tum
243 1320 306 1344 me
325 1320 348 1345 a
376 1320 417 1345 re
435 1307 591 1358 publica
610 1314 791 1344 moestum
814 1307 954 1345 domus
974 1306 1201 1356 excipiebat,

67 1372 165 1411 ,quae
197 1361 354 1409 levaret,
384 1361 437 1400 sic
461 1373 565 1399 nunc
587 1361 703 1399 domo
731 1373 893 1399 moerens
913 1360 963 1398 ad
991 1360 1204 1411 rempubli-

76 1427 162 1453 cam
181 1415 386 1467 confugere
404 1428 577 1467 possum,
597 1423 642 1453 ut
659 1415 700 1453 in
720 1416 802 1465 ejus
820 1415 931 1453 bonis
950 1414 1202 1466 acquiescam.

77 1469 217 1521 Itaque
236 1477 272 1508 et
291 1470 406 1508 domo
425 1471 576 1516 absum,
598 1477 636 1507 et
653 1470 750 1517 foro,
772 1469 877 1521 quod
899 1481 968 1507 nec
988 1481 1077 1507 eum
1097 1469 1205 1507 dolo-

75 1536 173 1572 rem,
194 1537 311 1575 quem
330 1538 354 1562 a
378 1537 418 1562 re
436 1524 593 1575 publica
617 1524 739 1575 capio,
760 1524 899 1562 domus
915 1525 997 1573 jam
1021 1523 1208 1561 consolari

77 1585 219 1629 potest,
252 1591 323 1617 1100
347 1577 601 1616 domesticum
627 1592 686 1617 res
710 1578 878 1630 publica.
905 1578 998 1625 Quo
1025 1577 1149 1628 magis
1168 1585 1208 1616 te

79 1640 270 1684 exspecto,
294 1641 408 1684 teque
437 1632 565 1671 videre
583 1646 703 1683 quam
727 1633 900 1685 primum
920 1632 1044 1683 cupio.
1075 1632 1208 1681 Major

80 1686 178 1724 mihi
208 1687 347 1725 levatio
377 1686 503 1725 afferri
531 1687 641 1724 nulla
669 1695 806 1739 potest,
841 1699 960 1739 quam
991 1686 1209 1736 conjunctio

79 1741 365 1780 consuetudinis
383 1753 682 1792 sermonumque
692 1750 934 1780 nostrorum:
966 1753 1207 1792 quamquam

78 1792 295 1845 sperabam,
316 1803 430 1834 tuum
448 1795 658 1834 adventum
678 1796 748 1840 (510
766 1795 870 1835 enim
896 1795 1118 1842 audiebam)
1138 1808 1208 1846 ap-

78 1849 348 1901 propinquare.

136 1901 224 1954 Ego
242 1911 388 1951 autem,
409 1917 499 1942 cum
512 1905 648 1942 multis
667 1904 714 1943 de
732 1905 854 1944 causis
873 1911 910 1943 te
929 1913 1069 1955 exopto
1088 1916 1209 1954 quam

81 1956 253 2008 primum
283 1958 424 2006 videre,
451 1966 536 1997 turn
559 1959 689 2006 etiam,
719 1966 765 1997 ut
790 1967 878 1997 ante
903 1965 1209 1997 commentemur

82 2010 181 2049 inber
209 2023 292 2060 nos,
324 2012 404 2064 qua
431 2013 577 2052 ratione
606 2013 716 2052 nobis
748 2013 1027 2052 traducendum
1058 2012 1107 2050 sit
1135 2011 1209 2049 hoc

84 2071 252 2116 tempus,
273 2066 378 2118 quod
396 2074 451 2105 est
466 2074 591 2105 totum
611 2068 660 2106 ad
671 2067 787 2106 unius
802 2069 1041 2107 voluntatem
1060 2078 1209 2104 accom-

84 2119 338 2168 modandum,
355 2128 392 2159 et
402 2121 615 2173 prudentis,
638 2130 675 2160 et
688 2122 870 2171 liberalis,
892 2128 930 2160 et
949 2125 1011 2164 (111
1028 2132 1211 2182 perspex-

83 2171 157 2212 isse
173 2173 320 2222 videor)
340 2187 410 2214 nec
421 2188 444 2213 a
457 2188 521 2216 me
539 2176 669 2224 alieni,
685 2184 722 2215 et
741 2177 811 2216 tibi
830 2175 1063 2214 amicissimi.
1092 2172 1212 2222 Quod

85 2238 176 2267 cum
200 2227 256 2266 ita
284 2228 347 2277 sit,
377 2241 530 2280 magnae
555 2237 611 2272 est
640 2238 771 2272 tamen
794 2228 1094 2276 deliberationis,
1125 2239 1215 2279 quae

141 2282 310 2333 (Epist.)
331 2294 359 2321 v
365 2294 438 2322 οι.
461 2294 492 2321 1.
910 2296 937 2323 K
