1501 2407
409 94 490 134 AD
520 94 822 135 DIVERSOS.
851 94 953 135 LIB.
973 95 1027 136 V.
1057 97 1095 134 2.
1245 97 1321 135 113

175 210 257 242 tam
268 203 404 244 mobili
418 204 460 243 in
473 217 539 244 me
549 217 733 257 meosque
745 218 825 244 esse
840 204 986 254 animo,
1002 218 1081 244 non
1095 207 1311 257 sperabam.

176 257 249 297 Me
266 259 413 299 interea
430 271 501 298 nec
519 259 751 299 domesticus
770 260 893 307 dolor,
914 273 984 300 nec
999 262 1232 313 cujusquam
1251 260 1312 299 in-

169 313 289 364 juria,
309 328 334 353 a
350 328 392 354 re
411 313 569 367 publica
583 314 759 354 abducet.
790 314 904 353 Vale.

178 479 268 527 (2.)
310 477 373 517 Μ.
386 478 438 517 T.
455 478 518 517 M.
536 478 583 516 F.
597 478 644 518 c.
674 478 728 527 Q.
750 478 1053 528 METELLO,
1078 478 1132 527 Q.
1146 478 1193 517 F.
1221 478 1314 518 CE-

452 532 610 582 LEM,
643 533 879 574 Pnocos.
908 535 948 574 5.
969 533 1023 572 D.

174 668 177 671 v
240 642 571 694 (Argumentum.
592 664 645 673 —
658 642 884 696 Respondet
912 642 1097 705 superiori
1124 643 1308 694 epistolae,

172 698 340 750 querelae
377 698 547 746 Metelli,
574 697 914 737 commemorando
950 711 1021 737 sua
1051 697 1093 736 in
1126 710 1217 736 eum
1250 698 1310 736 of-

170 753 269 802 ficia,
306 753 449 806 quibus
472 752 539 791 ille
563 765 642 792 non
665 760 804 792 mutuo
829 752 1112 805 respondisset.
1142 764 1213 792 nec
1231 752 1310 792 fra-

169 815 270 846 trem
300 809 384 858 ejus
417 820 456 846 se
474 808 734 860 oppugnasse,
759 807 825 847 sed
847 807 1092 861 oppugnanti
1113 807 1304 847 restitisse.

169 861 303 910 Quem
323 861 429 915 quod
442 862 555 901 Celer
566 869 734 912 tueatur,
747 862 881 902 laudat
900 863 983 913 ejus
996 862 1180 915 pietatem
1195 877 1205 901 :
1228 876 1308 902 suae

171 924 304 956 autem
323 916 503 957 amicitiae
521 917 778 957 constantiam
797 917 1031 971 pollicetur.)

221 1026 265 1066 Si
282 1033 327 1066 tu
346 1027 613 1080 exercitusque
626 1028 774 1077 valetis,
790 1030 888 1068 bene
903 1035 970 1067 est.
1002 1026 1144 1067 Scribis
1156 1027 1206 1066 ad
1223 1040 1302 1077 me,

166 1089 204 1121 te
223 1081 475 1131 existimasse,
496 1096 568 1135 pro
586 1089 725 1122 mutuo
738 1083 839 1122 inter
857 1096 927 1122 nos
945 1082 1092 1131 animo,
1109 1092 1146 1121 et
1156 1095 1228 1134 pro
1245 1095 1306 1121 re-

164 1136 368 1176 eonciliatzz
391 1137 531 1189 gratia,
561 1150 766 1190 nunquam
786 1145 824 1176 te
846 1152 870 1176 a
886 1151 951 1176 me
977 1137 1147 1176 ludibrio
1165 1138 1303 1176 laesum

165 1191 224 1230 iri.
255 1191 375 1240 Quod
389 1192 609 1243 cujusmodi
621 1192 685 1241 sit,
699 1192 789 1232 satis
800 1192 1015 1245 intelligere
1029 1205 1108 1231 non
1122 1205 1279 1245 possum
1288 1207 1300 1231 z

164 1245 232 1286 sed
246 1254 377 1286 tamen
397 1247 583 1299 suspicor,
597 1247 647 1285 ad
663 1255 700 1286 te
715 1260 796 1286 esse
810 1247 988 1295 allatum,
1002 1260 1080 1295 me,
1093 1247 1134 1285 in
1148 1255 1299 1295 senatu,

163 1314 255 1341 cum
272 1301 525 1355 disputarem,
545 1302 759 1355 permultos
779 1315 872 1351 esse,
894 1302 962 1355 qui
981 1301 1263 1354 rempublicam
1278 1316 1302 1341 a

161 1369 226 1396 me
255 1364 518 1402 conservatam
540 1356 726 1404 dolerent,
757 1357 926 1396 dixisse:
958 1371 982 1396 a
1006 1364 1045 1396 te
1061 1356 1301 1409 propinquos

159 1420 259 1461 tuos,
280 1411 424 1464 quibus
442 1424 583 1465 negare
602 1425 681 1451 non
699 1412 903 1465 potuisses,
923 1412 1163 1465 impetrasse,
1176 1419 1222 1450 ut
1241 1425 1301 1460 ea,

159 1480 250 1521 quae
267 1467 466 1507 statuisses
488 1467 560 1507 tibi
586 1467 627 1506 in
655 1475 791 1506 senatu
818 1467 867 1507 de
886 1467 975 1506 mea
992 1466 1108 1505 laude
1133 1479 1216 1506 esse
1241 1466 1302 1505 di-

159 1522 293 1571 cenda,
314 1521 499 1562 reticeres.
530 1521 651 1571 Quod
677 1535 768 1562 curn
791 1522 972 1571 dicerem,
998 1521 1098 1560 illud
1117 1521 1296 1572 adjunxi,

157 1577 257 1616 1111111
275 1584 405 1616 tecum
423 1577 479 1617 ita
496 1577 744 1630 dispertitum
772 1577 944 1617 officium
966 1577 1086 1616 fuisse
1107 1576 1148 1614 in
1168 1576 1298 1629 reipu-

156 1632 269 1672 blicae
287 1632 411 1671 salute
428 1632 644 1681 retinenda,
658 1641 704 1671 ut
722 1646 794 1685 ego
808 1634 947 1672 urbem
962 1646 985 1671 a
999 1631 1218 1670 domesticis
1237 1632 1297 1670 in-

157 1686 264 1727 sidiis
283 1694 322 1726 et
335 1689 384 1727 ab
403 1687 584 1727 intestino
603 1688 756 1737 scelere,
770 1695 814 1727 tu
834 1687 992 1727 Italiam
1012 1694 1049 1726 et
1067 1688 1117 1726 ab
1136 1687 1297 1725 armatis

155 1742 330 1782 hostibus
344 1749 382 1781 et
399 1744 449 1782 ab
461 1743 612 1783 occulta
623 1743 886 1794 conjuratione
900 1741 1147 1782 defenderes:
1178 1749 1297 1794 atque

152 1799 254 1838 hanc
263 1804 436 1837 nostram
449 1798 548 1837 tanti
560 1806 597 1837 et
610 1806 692 1838 tam
704 1798 878 1851 praeclari
888 1796 1061 1837 muneris
1074 1797 1295 1836 societatem

154 1867 180 1893 a
195 1851 274 1892 tuis
291 1853 520 1906 propinquis
531 1854 827 1893 labefactatam·
816 1882 828 1900 ‚
845 1853 930 1906 qui,
944 1865 1034 1891 cum
1046 1859 1091 1890 tu
1110 1865 1134 1890 a
1151 1864 1217 1890 me
1234 1865 1294 1890 re-

154 1909 229 1947 bus
247 1907 497 1970 amplissimis
515 1915 632 1961 atque
649 1906 1044 1948 honorificentissimis
1058 1914 1216 1945 ornatus
1235 1919 1294 1945 es-

156 1975 231 2011 ses,
263 1962 495 2011 timuissent,
519 1976 569 2003 ne
593 1977 673 2016 qua
691 1963 791 2002 mihi
808 1976 898 2017 pars
918 1964 986 2002 abs
1017 1968 1055 2001 te
1082 1961 1293 2001 voluntatis

156 2024 306 2057 mutuae
324 2017 570 2058 tribueretur.

207 2072 327 2112 Hoc
316 2085 358 2111 111
376 2086 564 2121 sermone,
584 2087 676 2113 cum
695 2088 719 2113 a
736 2087 801 2112 me
812 2079 1082 2126 exponeretur,
1096 2084 1184 2123 quae
1202 2083 1292 2110 mea

152 2128 385 2180 exspectatio
398 2127 533 2168 fuisset
551 2129 732 2168 orationis
750 2136 844 2177 tuae,
864 2135 1088 2182 quantoque
1105 2126 1147 2164 in
1167 2129 1292 2165 errore

152 2189 323 2223 versatus
347 2196 498 2230 essem3
527 2184 609 2224 visa
641 2191 699 2224 est
727 2183 848 2224 oratio
877 2195 957 2223 non
985 2181 1224 2244 injucunda;
1255 2174 1293 2220 ct

151 2237 354 2280 mediocris
372 2237 535 2292 quidam
546 2249 605 2281 est
622 2240 722 2282 risus
741 2247 981 2287 consecutus,
1000 2250 1082 2332 ²131011
1098 2236 1142 2277 in
1161 2243 1213 2287 te,
1225 2234 1294 2276 sed

954 2305 977 2332 1,
