1501 2407
206 93 282 131 186
402 91 486 129 AD
516 90 814 131 DIVERSOS.
843 91 945 130 Lm.
967 89 1068 130 VII.
1094 91 1132 129 3.

202 199 373 253 profecto
395 212 460 238 me
478 213 633 252 quoque
656 200 711 238 ita
735 200 1022 249 conturbatum,
1041 207 1088 238 ut
1104 211 1183 238 non
1202 199 1329 252 expli-

204 267 345 303 carem,
378 254 472 306 quid
503 262 599 293 esset
626 254 819 306 optimum
849 254 966 293 factu.
1015 254 1162 292 Pudori
1198 260 1330 293 tamen

204 309 328 347 malui
353 308 544 361 famaeque
563 308 706 358 cedere,
727 321 846 361 quam
874 309 1009 347 salutis
1026 321 1123 347 meae
1141 308 1330 347 rationem

205 363 356 402 ducere.

260 417 384 468 Cujus
398 431 462 456 me
481 418 558 456 mei
576 417 666 457 facti
685 418 876 470 poenituit,
897 431 975 456 11011
994 425 1074 457 13111
1094 424 1249 469 propter
1266 430 1336 470 pe-

204 471 375 510 riculum
393 485 541 520 mcum,
567 486 686 525 quam
704 480 860 524 propter
888 473 981 511 vitia
1007 472 1147 519 multa,
1169 485 1257 524 quae
1278 472 1335 512 ibi

207 526 364 574 offendi,
385 540 462 578 quo
490 540 693 565 veneram:
724 527 912 578 primum,
937 540 1063 578 neque
1090 539 1251 578 magnas
1274 539 1337 565 co-

206 581 303 632 pias,
324 593 449 632 neque
466 581 689 620 bellicosas:
720 581 872 628 deinde,
889 589 998 619 extra
1016 581 1155 620 ducem
1174 594 1338 632 paucos-

206 648 284 686 que
308 642 504 696 praeterea,
536 636 601 688 (de
626 635 864 687 principibus
886 634 1043 687 loquor)
1073 635 1226 687 reliqui,
1257 635 1338 688 pri-

204 701 333 736 mum,
353 690 393 727 in
412 689 495 741 ipso
522 691 624 728 bello
652 703 822 741 rapaces,
852 689 990 728 deinde
1017 690 1058 728 in
1086 690 1256 729 oratione
1282 691 1337 728 113

205 744 392 791 crudeles,
420 751 466 781 ut
493 744 618 796 ipsam
639 744 839 782 victoriam
866 744 1086 783 horrerem:
1116 743 1337 782 maximum

204 805 337 836 autem
369 811 420 836 aes
449 798 620 837 alienum
643 798 971 850 amplissimorum
999 798 1184 837 virorum.
1227 798 1338 847 Quid

206 852 378 903 quaeris‘?
408 852 507 890 nihil
524 853 630 901 boni,
651 861 789 904 praeter
807 866 975 892 causam.

261 906 363 954 Quae
382 920 473 945 cum
493 907 698 954 vidissem3
720 908 923 959 desperans
939 907 1152 956 victoriam,
1164 907 1340 959 primum

206 961 302 1012 coepi
322 961 480 1000 suadere
509 975 660 1014 pacem,
690 963 802 1012 cujus
828 962 979 1000 fueram
1008 975 1159 1014 semper
1181 970 1338 1001 auctor:

204 1015 357 1064 deinde,
378 1029 467 1054 cum
492 1018 541 1054 ab
563 1017 607 1055 ea
627 1016 814 1055 sententia
841 1016 1051 1068 Pompeius
1070 1016 1181 1056 valde
1200 1016 1342 1055 abhor-

203 1076 315 1117 reret,
333 1071 490 1108 suadere
508 1071 671 1118 institui,
692 1080 737 1110 ut
755 1072 903 1109 bellum
922 1071 1088 1110 duceret.
1121 1070 1210 1110 Hoc
1221 1071 1341 1110 inter-

205 1123 300 1161 dum
320 1126 520 1176 probabat,
547 1134 584 1164 et
602 1127 642 1164 in
663 1139 708 1164 ea
727 1125 916 1164 sententia
934 1125 1135 1164 videbatur
1161 1125 1268 1172 fore;
1301 1133 1340 1164 et

207 1178 299 1216 fuiss
284 1188 339 1216 cet
356 1179 529 1226 fortasse,
550 1180 637 1228 nisi,
658 1180 829 1232 quadam
845 1193 893 1226 ex
912 1192 1059 1242 pugna,
1072 1180 1244 1231 coepisset
1258 1180 1339 1219 suis

203 1233 394 1272 militibus
415 1234 614 1273 confidere.
644 1235 709 1273 Ex
730 1248 773 1273 eo
793 1242 964 1296 tem-pore
983 1235 1042 1273 vir
1060 1235 1125 1272 1118
1144 1247 1337 1283 summus,

202 1287 361 1326 nullus
351 1301 473 1340 imper
458 1296 557 1327 13101·
576 1289 662 1327 fuit.
694 1289 827 1340 Signa,
849 1289 970 1328 tirone
989 1296 1027 1327 et
1044 1289 1250 1328 collecticio
1270 1303 1337 1328 ex-

203 1342 337 1389 ercitu,
354 1356 444 1380 011111
455 1343 670 1394 legionibus
686 1343 958 1382 robustissimis
972 1343 1147 1382 contulit.
1179 1343 1334 1392 Victus,

199 1396 433 1447 turpissime,
454 1397 603 1436 amissis
622 1398 737 1436 etiam
758 1398 901 1446 castris,
923 1398 1026 1437 solus
1039 1397 1153 1449 fugit.

256 1451 377 1490 Hunc
397 1465 467 1502 ego
492 1452 584 1493 belli
609 1452 707 1490 mihi
727 1452 844 1491 finem
858 1452 955 1491 feci:
981 1464 1051 1491 nec
1069 1450 1220 1504 putavi,
1239 1463 1331 1491 cum

197 1504 338 1556 integri
359 1519 469 1557 pares
497 1519 573 1544 non
597 1506 817 1554 fuissemus,
837 1506 977 1545 fractos
999 1506 1210 1559 superiores
1235 1505 1330 1545 fore.

197 1558 366 1598 Discoesi
385 1561 434 1598 ab
463 1573 506 1599 eo
531 1561 678 1608 bello,
668 1574 707 1599 111
735 1574 813 1613 quo
839 1569 907 1599 aut
934 1561 975 1599 in
1006 1561 1085 1600 acie
1113 1559 1329 1607 cadendum

194 1613 284 1660 fuit,
309 1623 375 1652 aut
400 1615 440 1652 in
467 1615 615 1677 aliquas
644 1615 801 1654 insidias
825 1614 1088 1663 incidendum,
1119 1622 1188 1654 aut
1215 1614 1329 1654 deve-

194 1642 411 1706 niexidum
401 1681 441 1706 111
457 1670 607 1708 victoris
621 1682 775 1718 manus,
788 1677 857 1708 aut
875 1670 924 1708 ad
938 1670 1088 1718 Jrubam
1101 1669 1327 1720 confugien-

194 1722 306 1771 dum,
326 1731 394 1762 aut
412 1724 619 1776 capiendus
637 1732 839 1777 tamquam
859 1724 993 1763 exsilio
1011 1725 1133 1772 locus,
1153 1732 1222 1764 aut
1236 1736 1328 1763 con-

193 1777 386 1816 sciscenda
404 1791 507 1817 mors
526 1779 754 1818 voluntaria.
785 1779 898 1818 Certe
916 1779 1014 1817 nihil
1031 1778 1107 1817 fuit
1124 1787 1321 1831 praeterea,

191 1831 225 1870 si
254 1840 292 1870 te
309 1832 442 1870 victori
461 1833 582 1872 nolles
601 1840 669 1872 aut
692 1846 770 1872 non
790 1833 948 1872 auderes
966 1833 1216 1873 committere.
1255 1833 1323 1872 Ex

191 1887 373 1925 omnibus
392 1895 522 1926 autem
543 1888 604 1935 iis,
625 1901 713 1940 quae
732 1888 828 1936 dixi,
858 1887 1125 1936 incommodis,
1145 1888 1242 1926 nihi]
1263 1895 1322 1926 to-

191 1941 388 1979 lerabilius
407 1942 554 1990 exsilio,
575 1943 785 1993 praesertim
803 1942 1011 1990 innocenti,
1032 1942 1101 1981 ubi
1120 1942 1230 1980 nulla
1251 1941 1320 1980 ad-

188 1995 326 2045 juncta
345 2003 400 2034 est
427 2004 526 2048 turp.
516 1997 652 2035 ¹tudo:
684 1997 784 2035 addo
803 1997 934 2045 etiam,
955 2009 1045 2036 cum
1071 1996 1117 2034 83
1136 1998 1232 2035 urbe
1257 2009 1321 2035 ca-

191 2061 288 2097 1835,
308 2050 350 2088 111
369 2051 448 2102 qua
466 2051 565 2088 1111111
584 2052 645 2099 511,
667 2051 772 2103 quod
791 2051 919 2090 videre
936 2051 1058 2103 possis
1077 2050 1159 2089 sine
1177 2050 1321 2089 dolore.

189 2102 278 2155 Ego
296 2117 387 2143 cum
411 2105 521 2153 meis,
547 2106 598 2157 (si
617 2105 834 2158 quidquam
861 2118 965 2145 nunc
991 2106 1224 2158 cujusquam
1243 2103 1319 2155 oet)

190 2158 307 2197 etiam
325 2159 365 2196 in
381 2160 492 2208 meis,
513 2173 592 2199 esse
611 2160 747 2199 malui.

243 2213 346 2262 Quae
360 2214 591 2265 acciderunt,
608 2215 738 2254 omnia
752 2214 833 2254 dixi
848 2213 991 2255 futura.
1022 2214 1126 2254 Veni
1140 2213 1317 2263 domum,
