1501 2407
279 65 364 107 AD
392 65 693 107 DIVERSOS.
723 67 824 106 Lm.
846 65 946 106 VII.
977 66 1044 105 23.
1146 64 1226 104 203

95 173 285 223 dederit‚”
304 187 445 227 negare
462 176 588 215 aiebat
612 176 804 223 Servium,
825 176 977 214 tabulas
1005 174 1227 213 testamenti

95 241 176 268 esse
208 242 284 278 eas,
319 243 416 282 quas
444 231 669 270 instituisset
699 231 745 280 is,
777 230 845 282 qui
871 231 1076 268 factionem
1111 236 1225 267 testa-

94 283 219 323 menti
243 296 322 322 non
343 285 545 324 habuerit:
575 286 648 324 hoc
666 285 766 324 idem
796 284 962 324 Ofilium
988 284 1138 322 dicere:
1170 290 1227 321 te-

98 350 189 376 cum
218 351 258 376 se
279 339 453 378 locutum
479 342 670 391 negabat;
704 353 845 392 meque
866 339 1028 390 rogavit,
1052 346 1096 376 ut
1124 351 1163 376 se
1187 345 1225 376 et

93 403 249 431 causam
259 406 371 432 suam
392 394 463 433 tibi
474 394 795 433 commendarem.
836 394 921 432 Nec
933 393 989 431 vir
1003 393 1153 440 melior,
1167 392 1223 429 mi

94 445 226 495 Taeta,
251 459 321 486 nec
339 448 438 487 mihi
467 449 638 498 amicior,
665 449 711 487 P.
737 449 831 488 Silio
854 449 1061 500 quisquam
1086 455 1155 494 est,
1184 454 1224 485 te

92 507 223 540 tamen
249 511 417 555 excepto.
458 504 732 543 Gratissimum
760 504 879 554 igitur
901 503 999 540 mihi
1024 501 1169 550 feceris,
1191 500 1224 539 si

91 555 144 594 ad
165 568 256 594 eum
278 558 381 597 ultro
403 559 564 608 veneris,
585 559 697 611 eique
725 558 918 610 pollicitus
949 557 1048 596 eris:
1083 556 1164 604 sed,
1192 555 1224 593 si

91 621 156 648 me
175 623 295 660 311135,
316 626 436 665 quam
454 613 641 666 primum.
680 613 770 652 Hoc
789 621 826 652 te
845 612 1088 651 vehementer
1107 611 1224 649 etiam

91 671 210 717 atque
229 666 346 707 etiam
364 681 469 719 rogo.
509 668 622 708 Vale.

238 832 353 883 (22.)
384 832 598 872 CICERO
628 831 934 871 TREBATIO
964 831 1005 870 S.
1022 830 1077 869 D.

149 945 474 995 (Argumentum.
485 941 609 980 —De
627 941 732 980 furto
744 941 1009 994 quaestionem,
1025 940 1124 979 inter
1139 953 1221 992 scy-

93 1000 190 1053 phos
208 1007 356 1046 natam,
375 999 513 1050 probat
531 996 755 1036 auctoritate
770 995 1163 1046 jurisconsultorum.)

147 1110 330 1149 Illuseras
359 1107 442 1146 heri
466 1106 566 1145 inter
591 1106 766 1158 scyphos,
791 1105 895 1158 quod
918 1105 1106 1152 dixeram,
1131 1116 1220 1142 con-

92 1164 316 1203 troversiam
339 1175 431 1210 esse,
455 1169 630 1212 possetne
645 1161 780 1209 haeres,
804 1160 909 1212 quod
930 1160 1079 1198 furtum
1108 1166 1222 1196 antea

93 1220 242 1258 factum
260 1224 370 1265 esset,
390 1216 485 1255 furti
506 1223 605 1254 recte
630 1228 753 1266 agere.
794 1216 949 1266 Itaque,
970 1215 1039 1253 etsi
1057 1213 1220 1252 domum

94 1275 192 1313 bene
220 1280 335 1324 potus
366 1284 526 1323 seroque
549 1269 752 1316 redieram,
773 1277 903 1308 tamen
933 1269 974 1307 id
996 1276 1125 1329 caput,
1152 1268 1221 1306 ubi

91 1328 175 1367 haec
193 1326 447 1366 controversia
465 1333 535 1374 est,
551 1325 695 1371 notavi,
709 1332 746 1363 et
765 1324 1000 1375 descriptum
1019 1322 1090 1361 tibi
1108 1322 1218 1368 misi3

92 1390 137 1421 ut
155 1382 276 1421 scires
272 1381 348 1431 id,
369 1380 474 1432 quod
492 1388 536 1418 tu
554 1379 750 1418 neminem
769 1379 927 1417 sensisse
946 1378 1111 1426 dicebas,
1129 1378 1219 1416 Sex.

93 1437 262 1484 AElium,
283 1436 348 1474 Μ’
375 1435 604 1483 Manilium,
631 1434 693 1472 M.
715 1434 902 1495 Brutum,
930 1432 1098 1472 sensisse.
1133 1431 1222 1484 Ego

94 1499 227 1531 tamen
246 1491 426 1532 Scaevolae
450 1497 489 1529 et
507 1489 636 1528 Testae
653 1488 848 1527 assentior.
879 1488 919 1527 V
920 1488 992 1527 ale.

174 1650 291 1702 (23.)
325 1651 547 1699 ⁴,CICERO
576 1653 616 1692 S.
633 1652 688 1691 D.
717 1651 899 1692 FABIO
930 1650 1142 1691 GALLO.

151 1763 479 1815 (Argumentum.
491 1786 546 1794 —
557 1764 677 1816 Signa
695 1764 876 1817 quaedam
894 1772 1094 1805 etstatuas
1115 1761 1225 1803 Cice-

91 1818 190 1865 roni,
203 1818 332 1869 potius
347 1819 497 1857 tabulas
509 1819 629 1871 pictas
641 1819 824 1871 cupienti,
837 1819 976 1857 Gallus
990 1827 1144 1857 emerat.
1157 1818 1224 1856 Ex

94 1872 172 1910 illis
192 1872 424 1911 emtionibus
443 1875 594 1912 nullam
612 1888 636 1912 a
653 1888 692 1912 se
711 1873 915 1912 desiderari
935 1873 1068 1912 Cicero
1092 1873 1223 1912 rescri-

93 1926 151 1966 bit
167 1941 178 1964 :
210 1926 327 1965 simul
351 1936 507 1978 gratum
525 1928 598 1967 sibi
617 1942 696 1967 esse
714 1929 916 1980 significat,
937 1927 1042 1980 quod
1059 1927 1223 1967 domum

90 1980 312 2032 proximam
331 1982 425 2021 velit
442 1983 662 2022 conducere.
691 1983 813 2022 Anno
830 1983 1005 2032 incerto.)

149 2089 326 2129 Tantum
347 2092 452 2143 quod
464 2105 513 2131 ex
530 2092 716 2145 Arpinati
729 2105 923 2141 veneram,
937 2104 1027 2131 cum
1038 2091 1137 2130 mihi
1149 2105 1172 2129 a
1184 2098 1222 2130 te

94 2144 215 2184 literae
225 2145 383 2184 reddjtae
399 2155 516 2185 sunt.
537 2149 586 2186 ab
606 2147 818 2200 eodemque
831 2147 958 2199 accepi
968 2146 1116 2185 Aviani
1132 2145 1222 2184 lite-

94 2211 180 2246 ras;
213 2198 254 2237 in
283 2200 425 2252 quibus
454 2202 526 2240 hoc
555 2201 677 2241 inerat
703 2202 1031 2249 liberalissimum,
1062 2201 1221 2239 nomina
