1501 2407
349 80 433 120 AD
462 78 761 120 DIVERSOS.
791 79 892 117 LIB.
925 78 1001 117 VI.
1036 79 1097 117 15.
1214 80 1291 124 173

171 195 208 226 te
227 199 377 241 semper
393 189 564 228 maxime
578 188 709 237 dilexi,
722 195 808 226 tum
825 187 990 225 fratrum
1005 194 1160 226 tuorum
1177 190 1290 239 (quos

169 255 279 293 aeque
297 250 413 294 atque
431 251 468 282 te
490 243 643 282 summ&
662 240 923 281 benevolenti&⁴
942 254 1028 279 sum
1048 240 1288 293 complexus)

169 294 510 350 singularis'pietas
529 310 711 348 amorque
728 297 916 334 fraternus
934 295 1089 334 nullum
1107 309 1170 333 me
1188 296 1288 347 pati-

170 356 234 388 tur
252 350 365 390 officii
390 365 479 403 erga
498 361 535 390 te
554 351 746 402 studiique
766 363 910 389 munus
934 357 1001 387 aut
1020 358 1171 401 tempus
1190 363 1289 401 prae-

170 405 388 443 ter-mittere.
432 405 522 455 Sed,
547 419 634 457 quae
656 405 795 443 faciam
822 404 1053 456 fecerimque
1071 417 1141 455 pro
1160 412 1212 452 te,
1239 410 1287 443 ex'

167 457 324 497 illorum
342 467 381 498 te
403 460 536 506 literis,
568 472 686 512 quam
712 472 761 498 ex
782 459 893 506 meis,
919 459 1023 497 malo
1051 471 1285 509 cognoscere.

167 511 277 560 Quid
310 522 439 553 autem
471 527 632 566 sperem,
657 520 724 552 aut
747 513 950 562 confidam,
983 520 1019 551 et
1045 513 1288 564 exploratum

166 565 332 606 habeam
356 568 404 606 de
432 569 554 608 salute
579 568 661 615 tufi,
682 567 722 606 id
747 567 817 606 tibi
844 581 868 605 a
896 579 960 605 me
986 567 1168 605 declarari
1186 568 1286 605 volo.

166 620 289 668 Nam,
317 622 349 661 si
368 623 454 675 quis
482 630 537 661 est
562 622 720 661 timidus
748 622 789 660 in
814 622 965 673 magnis
989 621 1289 673 periculosisque

147 676 294 725 erebus,
315 690 541 729 semperque
567 676 691 728 magis
714 676 888 715 adversos
910 689 1040 714 rerum
1064 676 1187 714 exitus
1204 688 1288 714 me-

165 735 292 778 tuens,
322 744 442 782 quam
472 744 626 783 sperans
655 731 852 779 secundos,
872 730 905 768 is
934 743 1003 781 ego
1034 743 1147 769 sum:
1178 737 1228 779 et,
1256 729 1288 768 si

163 780 237 822 hoc
254 784 393 823 vitium
412 793 480 835 est,
502 799 545 825 eo
563 799 628 824 me
645 797 723 823 non
737 798 861 824 carere
879 785 1070 823 confiteor.

221 838 310 889 Ego
327 839 432 878 idem
460 848 604 889 tamen,
633 852 736 888 cum,
757 853 791 878 a.
812 840 852 878 d.
870 839 911 878 V
933 839 1016 877 Cal.
1047 838 1288 878 intercalares

164 892 322 943 priores,
352 902 489 946 rogatu
516 894 680 933 fratrum
705 902 875 943 tuorum,
895 894 1081 932 venissem
1106 906 1220 931 mane
1238 892 1288 931 ad

166 947 372 996 Caesarem,
407 958 524 1001 atque
559 961 714 988 omnem
758 947 924 986 adeundi
961 956 998 986 et
1040 947 1288 986 conveniendi

165 1000 270 1040 illius
299 1002 568 1055 indignitatem
594 1011 632 1041 et
656 1002 872 1041 molestiam
897 1002 1166 1054 pertulissem3
1196 1014 1285 1040 cum

165 1053 301 1094 fratres
333 1064 371 1095 et
401 1057 609 1110 propinqui
640 1056 698 1095 tui
723 1058 892 1107 jacerent
922 1056 971 1095 ad
993 1057 1122 1108 pedes,
1149 1063 1186 1094 et
1217 1068 1287 1107 ego

166 1121 289 1149 essem
306 1111 469 1161 locutus,
491 1125 578 1164 quae
596 1124 722 1160 causa,
744 1125 830 1162 quae
848 1119 962 1150 tuum
981 1119 1133 1162 tempus
1151 1119 1287 1162 postu-

163 1163 298 1211 labat3
327 1178 405 1204 non
438 1167 565 1205 solum
595 1179 643 1204 ex
668 1167 837 1204 oratione
867 1165 1025 1204 Caesaris
1059 1167 1164 1217 (quae
1197 1177 1287 1220 sane

164 1218 293 1258 mollis
308 1226 345 1258 et
361 1220 528 1259 liberalis
546 1219 656 1270 fuit),
677 1219 742 1258 sed
764 1219 880 1258 etiam
899 1233 947 1258 ex
965 1220 1084 1258 oculis
1103 1227 1141 1258 et
1158 1220 1284 1267 vultu,

164 1285 214 1311 ex
241 1274 375 1312 multis
400 1282 583 1327 praeterea
611 1274 742 1325 signis,
772 1275 878 1327 (quae
902 1274 1052 1312 facilius
1077 1274 1287 1326 perspicere

163 1328 273 1378 potui
291 1341 411 1379 quam
430 1329 606 1376 scribere)
625 1329 725 1367 hanc
748 1329 789 1367 in
812 1328 1033 1380 opinionem
1056 1328 1222 1376 discessi,
1242 1333 1286 1366 ut

164 1381 263 1419 mihi
292 1389 360 1420 tua
392 1384 494 1422 salus
523 1383 641 1421 dubia
667 1395 745 1421 non
775 1390 881 1421 esset.
913 1382 1193 1432 Quamobrem,
1223 1382 1285 1421 fac

164 1436 294 1474 animo
330 1449 473 1489 magno
499 1437 666 1489 fortique
689 1436 763 1475 sis:
797 1445 847 1485 et,
876 1437 908 1475 si
935 1437 1195 1476 turbidissima
1223 1450 1286 1475 sa-

163 1490 312 1542 pienter
329 1491 491 1541 ferebas,
512 1491 777 1544 tranquilliora
794 1492 881 1530 lae‘te
899 1492 1007 1530 feras.
1036 1492 1124 1543 Ego
1154 1499 1284 1533 tamen

164 1544 241 1583 tuis
259 1546 372 1584 rebus
392 1546 444 1585 sic
474 1545 602 1595 adero,
629 1554 673 1584 ut
696 1545 957 1591 difficillimis3
987 1559 1113 1598 neque
1143 1545 1285 1585 Caesari

163 1599 305 1647 solum,
336 1600 403 1638 sed
433 1600 549 1639 etiam
577 1599 710 1639 amicis
740 1601 822 1650 ejus
851 1600 1044 1648 omnibus,
1070 1613 1165 1652 quos
1187 1599 1286 1638 mihi

163 1653 412 1693 amicissimos
441 1668 522 1694 esse
550 1653 723 1706 cognovi,
748 1668 819 1706 pro
845 1662 882 1693 te
912 1654 1026 1700 (sicut
1044 1655 1170 1694 adhuc
1194 1654 1283 1704 feci)

159 1702 409 1748 libentissime
427 1709 662 1762 supplicabo.
691 1709 803 1748 Vale.

378 1815 487 1869 (15.)
529 1817 743 1859 CICERO
781 1817 994 1859 BASILO
1023 1820 1064 1859 s,

218 1925 276 1978 (A
282 1938 444 1976 rgumen
449 1930 546 1965 tum.
560 1927 947 1980 -Gratulationem,
958 1929 1278 1981 benevolentiam,

161 1986 199 2018 et
216 1979 386 2019 officium
404 1981 603 2033 continet.)

217 2088 313 2128 Tibi
329 2091 500 2141 gratulor
515 2105 526 2129 x
555 2091 654 2130 mihi
671 2091 820 2143 gaudeo
835 2108 845 2131 τ
876 2100 914 2132 te
932 2106 1044 2133 amo:
1075 2100 1143 2132 tua
1162 2101 1284 2132 tueor.‘

166 2142 207 2180 A
227 2150 264 2181 te
289 2144 425 2192 amari,
453 2152 490 2183 et
519 2146 613 2199 quid
638 2160 742 2198 agas,
767 2147 938 2200 quidque
969 2155 1119 2201 agatur,
1151 2147 1285 2187 certior

165 2196 261 2248 fieri,
282 2198 379 2238 volo.
410 2199 520 2240 Vale.
940 2269 969 2298 Q
989 2259 1014 2296 3
