1481 2381
221 68 304 107 234
386 65 798 106 AD-DIVERSOS.
827 65 928 106 Lm.
959 63 1085 112 VIII.
1118 66 1180 105 11.

220 175 392 215 humane
403 174 450 213 de
461 174 657 226 provincia
667 174 851 227 loquitur.
864 174 999 225 Hujus
1006 172 1207 226 cupiditati
1219 187 1350 215 occur-

219 243 332 269 surus
340 237 395 267 est
404 229 574 267 Furnius
589 236 735 268 noster:
757 229 886 281 plures
898 227 1080 280 suspicari
1091 239 1168 267 non
1175 242 1347 281 possum.

278 283 376 322 Haec
394 283 483 321 novi
499 298 510 321 :
541 284 630 330 alia,
653 297 741 335 quae
758 290 918 335 possunt
935 281 1116 331 accidere,
1132 295 1210 322 non
1222 297 1346 323 cerno.

223 337 358 376 thlta
372 345 526 388 tempus
545 337 692 385 afferre,
714 345 750 375 et
769 344 982 390 praeparata
998 336 1139 386 multa,
1158 338 1258 376 scio:
1284 338 1352 377 sed

221 392 323 430 111113
355 393 449 430 fines
482 391 566 439 hos,
599 404 854 443 quaecumque
891 390 1110 440 acciderint,
1143 399 1351 430 vertentur.

225 445 332 485 Illud
363 445 461 483 addo
495 446 544 483 ad
572 445 736 484 actiones
756 445 803 484 C.
821 445 1014 492 Curionis,
1045 443 1093 482 de
1120 459 1212 497 agro
1232 446 1352 484 Cam-

223 512 348 552 pano:
380 500 427 537 de
446 512 523 550 quo
542 506 685 550 negant
711 499 900 538 Caesarem
932 499 1120 548 laborare,
1148 499 1215 538 sed
1232 501 1352 538 Pom-

225 554 358 606 peium
379 553 487 592 valde
507 554 623 602 nolle,
644 566 693 591 ne
711 567 854 593 vacuus
872 552 1093 592 advenienti
1117 553 1260 593 Caesari
1283 567 1353 606 pa-

229 615 319 647 teat.

282 662 402 710 Quod
431 662 480 700 ad
498 669 612 700 tuum
637 661 836 700 decessum
864 662 1015 709 attinet,
1046 661 1147 699 illud
1177 661 1249 700 tibi
1273 674 1352 701 non

225 729 384 768 possum
403 715 586 767 polliceri,
607 728 670 753 me
685 724 923 762 curaturum,
944 723 990 754 ut
1012 715 1083 754 tibi
1101 715 1349 754 succedatur:

225 770 324 808 illud
362 778 460 808 certe
491 771 694 830 praestabO,
725 782 774 808 ne
807 744 973 821 amplius
1004 776 1241 822 prorogetur.
1270 769 1353 807 Tui

228 824 375 863 001151111
395 833 464 871 est,
485 824 516 862 si
535 832 701 875 tempus,
723 824 755 862 si
773 832 926 863 senatus
945 832 1069 876 coget,
1100 823 1132 862 si
1155 824 1312 862 honeste
1329 837 1354 862 3

228 878 338 916 1101115
356 878 521 916 recusari
539 890 617 916 non
645 878 797 929 poterit,
817 878 960 917 velisne
983 890 1246 930 perseverare:
1275 877 1356 916 mei

230 931 344 970 officii
381 939 451 979 est,
483 932 716 981 meminisse,
748 945 827 984 qua
861 932 1127 982 obtestatione,
1155 931 1355 983 decedens,

232 986 344 1035 mihi,
364 998 413 1026 ne
430 994 579 1038 paterer
598 986 694 1036 fieri,
710 986 917 1026 mandaris.
947 987 1061 1027 Vale.

419 1155 532 1207 (11.)
572 1153 793 1194 (3011111115
825 1153 1108 1195 CICERONI
1135 1154 1176 1194 5.

293 1263 618 1316 (Argumentum.
632 1263 908 1312 —Nuntians,
944 1262 1239 1316 supplicationes
1269 1270 1358 1316 post

234 1330 360 1356 acrem
376 1317 691 1356 concertationem
706 1317 872 1356 decretas
891 1317 1045 1356 tandem
1059 1331 1153 1367 esse,
1167 1318 1356 1366 hortatur,

235 1380 280 1409 ut
299 1371 438 1410 decreti
457 1371 686 1418 auctoribus,
706 1384 776 1422 pro
795 1372 980 1424 cujusque
1003 1372 1140 1410 merito
1159 1378 1197 1410 et
1221 1372 1359 1411 volun-

236 1433 327 1472 tate,
347 1425 486 1476 gratias
502 1431 602 1475 agat.
632 1425 771 1471 Addit,
792 1425 840 1463 de
858 1438 1067 1464 successore
1085 1426 1245 1464 Caesaris
1262 1425 1359 1478 quid

235 1486 365 1517 actum
384 1479 457 1524 sit,
488 1486 525 1517 et
544 1479 862 1518 commentarium
876 1481 1112 1518 urbanarum
1126 1492 1256 1519 rerum
1265 1479 1358 1518 mit-

235 1533 296 1582 tit,
318 1533 604 1584 Sittianamque
622 1533 820 1584 negotium
838 1532 1114 1583 commendat.)

293 1641 387 1680 Non
405 1641 487 1689 diu,
503 1641 568 1679 sed
586 1641 733 1688 acriter,
749 1653 818 1679 nos
832 1648 910 1680 tuae
928 1641 1222 1694 supplicationes
1240 1648 1358 1682 torse-

237 1703 353 1733 runt:
383 1695 637 1734 incideramus
662 1696 766 1733 enim
790 1694 831 1733 in
849 1695 1044 1734 difficilem
1061 1695 1219 1734 nodum.
1248 1696 1357 1734 Nam

239 1749 371 1796 Curio,
389 1749 446 1787 tui
457 1750 739 1801 cupidissimus,
752 1749 814 1788 cui
832 1749 1011 1788 omnibus
1025 1750 1235 1789 rationibus
1253 1762 1358 1789 com-

237 1803 360 1841 itiales
381 1803 651 1854 eripiebantur,
672 1805 837 1855 negabat
854 1816 894 1842 se
912 1804 992 1842 ullo
1006 1804 1121 1842 modo
1134 1804 1215 1856 pati
1232 1816 1356 1856 posse,

241 1856 392 1895 decerni
410 1857 716 1909 supplicationes,
730 1870 792 1904 ne,
805 1857 910 1909 quod
927 1857 1055 1896 furore
1070 1858 1185 1896 Pauli
1198 1858 1360 1910 adeptus

240 1918 337 1949 esset
354 1911 459 1959 boni,
480 1925 550 1949 sua
568 1912 683 1963 culpa
701 1911 891 1950 videretur
909 1911 1091 1961 amisisse,
1119 1919 1158 1950 et
1182 1912 1362 1963 praevari-

241 1972 345 2003 cator
363 1977 486 2003 causae
504 1966 668 2016 publicae
687 1965 977 2004 existimaretur.
1008 1965 1206 2018 Itaquead
1218 1965 1362 2018 pactio-

242 2030 334 2057 nem
361 2018 648 2057 descendimus:
680 2028 717 2058 et
735 2020 1010 2058 confirmarunt
1027 2020 1211 2069 consules,
1238 2032 1277 2058 se
1301 2019 1363 2058 1115

244 2072 612 2124 supplioetionibus'
601 2086 642 2111 111
659 2073 763 2112 hunc
781 2086 928 2112 annum
946 2086 1025 2112 non
1041 2086 1189 2112 usuros
1222 2073 1359 2120 Plane,

242 2126 348 2178 quod
376 2127 547 2179 utrisque
577 2128 796 2166 consulibus
824 2128 964 2179 gratias
993 2141 1098 2179 agas,
1128 2135 1209 2166 est·
1196 2156 1209 2174 ,
1239 2113 1364 2166 Paulo

243 2181 368 2233 magis
385 2189 497 2227 certe.
528 2181 634 2220 Nam
655 2182 865 2222 Marcellus
883 2182 935 2222 sic
963 2181 1170 2234 rospondit,
1194 2194 1235 2221 se
1255 2193 1362 2234 spem
