1501 2407
383 76 464 114 AD
493 74 793 115 DIVERSOS.
826 74 925 113 Lxss.
949 73 1005 111 II.
1028 74 1086 112 15.
1245 75 1295 118 47

171 184 369 236 negotium
393 184 445 222 sic
472 183 588 223 velim
619 182 813 233 suscipias,
845 189 889 220 ut
921 182 952 219 si
983 189 1078 220 esset
1107 194 1165 219 res
1195 193 1293 219 mea.

173 238 279 277 Novi
297 251 367 289 ego
386 251 465 298 vos,
491 249 652 288 magnos
666 244 862 302 patronos·
903 236 1116 274 Hominem
1135 236 1294 281 occidat,

173 299 334 344 oportet,
350 291 419 343 qui
430 292 556 330 vestra
574 304 694 352 opera·
707 291 765 328 uti
783 290 886 328 velit.
915 290 1042 329 Sedin
1054 290 1166 327 hoch
1156 290 1297 328 omine

173 346 323 384 nuflam
353 346 495 397 accipio
528 345 823 383 excusationem.
864 343 1011 382 Omnia
1039 344 1244 394 relinques,
1266 344 1297 381 si

173 412 238 438 me
251 399 412 448 amabis,
434 413 523 438 cum
542 399 610 438 tua
628 411 743 450 opera
755 397 898 436 Fabius
917 398 975 435 uti
994 397 1106 435 volet.
1135 397 1222 448 Ego
1239 410 1296 435 res

173 454 372 492 Romanas
390 454 634 492 vehementer
652 460 827 503 exspecto
856 459 893 490 et
922 451 1118 490 desidero:
1149 451 1190 488 in
1218 451 1296 502 pri-

172 507 339 559 misque,
356 507 450 559 quid
464 520 568 559 agas,
583 506 676 545 scire
695 506 832 557 cupio:
854 518 945 543 nam
962 505 1126 555 jamdiu,
1142 514 1296 556 propter

173 561 312 600 hiemis
330 562 656 613 magnitudinem,
676 560 775 598 nihil
793 559 882 598 novi
901 559 950 598 ad
967 571 1036 598 nos
1055 559 1293 598 afferebatur.

172 615 284 655 Vale.

173 774 285 823 (15.)
332 773 394 812 M.
419 772 469 812 T.
501 772 547 814 C.
578 772 701 811 IMP.
741 772 800 811 M.
835 771 1039 818 COELIO‚
1068 769 1294 812 CURULI

526 827 727 876 AEDILL
749 829 790 867 S.
816 828 862 866 P.
884 827 938 866 D.

224 939 550 989 (Argumentum.
567 939 704 977 -Ad
731 939 860 990 plures
890 937 1000 976 Coelii
1030 937 1206 990 epistolas
1234 950 1293 975 re-

170 993 345 1045 spondet,
379 993 589 1044 praesertim
608 993 674 1031 XI
706 1000 742 1031 et
772 991 886 1031 XIII
915 993 1005 1030 libri
1033 992 1180 1030 octavi:
1221 992 1294 1030 hoc

168 1055 225 1086 απ
243 1047 290 1085 de
320 1048 615 1099 supplicatione,
637 1048 684 1086 de
708 1046 798 1085 filiae
821 1054 857 1085 et
876 1046 1091 1085 Dolabellae
1119 1046 1289 1098 nuptiis:

168 1101 310 1152 quibus
329 1102 435 1139 addit
455 1101 503 1139 de
519 1109 705 1153 quaestore
725 1101 844 1140 Coelio
864 1101 1067 1152 provinciae
1085 1100 1263 1153 praefecto
1279 1114 1290 1137 ε

168 1155 217 1195 de
236 1154 387 1205 Ocella,
409 1163 447 1194 et
465 1155 580 1203 aliis.)

225 1263 319 1302 Non
337 1263 463 1315 potuit
480 1263 692 1302 accuratius
710 1264 786 1315 agi,
813 1275 884 1302 nec
910 1262 1152 1314 prudentius,
1173 1275 1292 1314 quam

173 1325 303 1356 actum
323 1326 378 1356 est
407 1332 430 1356 a
459 1326 496 1356 te
528 1331 618 1356 cum
648 1318 815 1356 Curione
844 1319 891 1356 de
923 1317 1225 1368 supplicatione:
1257 1324 1294 1355 et

170 1372 420 1419 (mehercule)
440 1371 609 1410 confecta
631 1385 689 1411 res
717 1385 765 1410 ex
784 1371 969 1411 sententia
995 1371 1083 1409 mea
1111 1378 1181 1419 est,
1202 1384 1291 1409 cum

165 1426 369 1475 celeritate,
389 1433 476 1464 tum
495 1426 600 1478 quod
625 1426 672 1475 is,
702 1426 770 1478 qui
799 1434 878 1465 erat
905 1426 1037 1473 iratus,
1069 1426 1293 1477 competitor

166 1486 271 1529 tuus,
292 1488 330 1518 et
347 1480 451 1519 idem
469 1493 593 1528 meus,
614 1493 787 1520 assensus
815 1488 871 1519 est
899 1481 947 1528 ei,
977 1480 1045 1531 qui
1067 1480 1215 1518 ornavit
1233 1493 1292 1518 res

166 1542 314 1573 nostras
334 1534 472 1573 divinis
494 1535 689 1573 laudibus.
719 1536 852 1583 Quare
871 1534 964 1573 scito
983 1547 1047 1572 me
1066 1547 1215 1585 sperare
1233 1547 1292 1581 ea,

163 1601 252 1641 quae
270 1596 507 1641 sequuntur:
538 1588 588 1627 ad
607 1602 694 1641 quae
712 1596 756 1627 tu
770 1596 808 1628 te
821 1587 926 1641 para.
956 1587 1204 1626 Dolabellam
1216 1601 1239 1625 a
1251 1595 1289 1626 te

164 1643 314 1694 gaudeo
332 1643 505 1695 primum
522 1643 688 1692 laudari,
718 1643 854 1682 deinde
874 1643 990 1682 etiam
1009 1642 1141 1680 amari.
1183 1643 1292 1680 Nam

166 1709 224 1746 αὶ,
263 1710 351 1749 quae
382 1710 509 1749 speras
546 1697 690 1736 Tulliae
724 1710 822 1736 meae
850 1697 1056 1750 prudentia
1089 1697 1294 1747 temperari

165 1764 289 1803 posse,
310 1751 399 1799 scio,
420 1751 483 1791 cui
508 1759 586 1790 tuae
611 1752 781 1803 epistolae
799 1751 1064 1804 respondeant.
1105 1750 1229 1798 Quid,
1261 1750 1293 1789 si

164 1816 295 1843 meam
311 1805 433 1856 legas,
453 1819 572 1857 quam
601 1819 671 1857 ego
700 1813 786 1845 tum
812 1819 860 1845 ex
888 1805 964 1844 tuis
990 1804 1108 1843 literis
1132 1805 1221 1843 misi
1240 1805 1289 1842 ad

166 1858 347 1911 Appium
359 1860 378 1897 Ρ
408 1860 485 1899 Sed
503 1859 598 1912 quid
617 1863 741 1912 agas?
768 1860 822 1899 sic
839 1860 992 1899 vivitur.
1023 1858 1142 1907 Quod
1160 1866 1290 1896 actum

166 1920 236 1960 est,
256 1913 327 1951 Dii
355 1915 579 1966 approbent.
620 1915 739 1966 Spero
760 1915 842 1953 fore
862 1914 1081 1964 jucundum
1104 1925 1290 1964 generum

166 1966 302 2011 nobis;
331 1968 609 2021 multumque
597 1981 638 2006 111
654 1982 698 2007 eo
716 1976 785 2007 tua
804 1981 873 2007 nos
891 1967 1111 2006 humanitas
1131 1967 1290 2015 adjuv-a

168 2021 238 2059 bit.
269 2021 348 2060 Res
360 2022 515 2074 publica
532 2036 596 2062 me
614 2023 724 2062 valde
738 2023 926 2062 sollicitat.
956 2022 1084 2060 Faveo
1104 2020 1288 2060 Curioni.

170 2074 362 2114 Caesarem
385 2075 590 2116 honestum
609 2090 689 2116 esse
707 2077 845 2129 cupio:
875 2090 945 2129 pro
964 2075 1150 2128 Pompeio
1173 2074 1292 2113 emori

167 2141 338 2192 possum.
367 2130 444 2169 Sed
462 2138 591 2170 tamen
609 2131 694 2183 ipsa
711 2131 908 2184 republica
924 2130 1022 2170 nihil
1040 2130 1138 2168 mihi
1157 2135 1212 2167 est
1230 2141 1292 2166 ca-

165 2182 270 2224 rius:
300 2183 341 2225 in
360 2184 440 2238 qua
458 2192 502 2225 tu
520 2198 598 2227 non
617 2185 728 2227 valde
746 2192 784 2226 te
800 2186 931 2237 jactas.
961 2184 1169 2225 Distn‘ctus
1188 2182 1291 2221 enim
