1501 2407
201 122 227 160 6
427 118 511 157 AD
539 116 835 158 DIVERSOS.
866 116 967 157 Lm.
989 114 1023 154 1.
1052 118 1093 155 5.

205 228 321 268 etiam
339 226 519 266 amicum.
554 226 740 265 Caninius
756 233 794 265 et
812 226 910 265 Cato
921 225 1125 277 negiu-unt,
1145 237 1190 262 se
1201 224 1327 275 legem

206 283 328 320 ullam
348 289 437 320 ante
455 281 609 319 comitia
627 293 706 319 esse
723 281 879 318 laturos.
910 281 1070 318 Senatus
1089 278 1222 316 haberi
1239 286 1328 316 ante

209 335 399 375 Calendas
418 335 660 380 Februarias,
687 347 756 385 per
782 335 908 384 legem
927 333 1110 384 Pupiam,
1131 332 1203 379 (id,
1223 331 1328 383 quod

211 390 300 436 5615)
319 402 396 427 11011
415 396 562 441 potest:
591 401 717 439 neque
745 400 877 426 mense
894 388 1008 425 Febr.
1034 394 1129 431 toto,
1151 385 1226 424 nisi
1242 398 1332 436 Ρ61-

210 444 318 482 fectis
336 451 404 481 aut
422 442 568 492 rejectis
586 441 852 492 legationibus.
882 441 980 479 Haec
993 448 1122 478 tamen
1134 439 1264 491 opinio
1278 445 1335 477 oet

212 497 347 549 populi
366 496 550 543 Romani,
569 509 599 533 a
624 495 700 533 tuis
725 495 863 533 invidis
885 502 1001 546 atque
1019 493 1334 532 obtrectatoribus

213 564 355 589 nomen
372 550 575 588 inductum
597 549 694 587 fictae
712 549 920 600 religionis,
945 561 1023 586 non
1041 555 1123 586 tam
1141 555 1186 585 ut
1204 554 1242 585 te
1260 546 1336 584 im-

216 605 403 656 peditent,
430 617 550 655 quam
568 611 612 640 ut
630 615 678 640 ne
697 603 797 654 quis,
812 611 926 654 propt
913 616 966 640 ter
985 601 1169 640 exereitus
1188 599 1338 652 cupidi-

214 667 347 706 tatem,
366 657 616 696 Alexandria
610 670 647 694 11
667 657 808 694 vellet
798 670 864 694 116.
891 656 1103 707 Dignitatis
1116 662 1246 693 autem
1261 662 1339 693 tuae

216 726 331 751 nemo
349 720 418 756 est,
439 711 534 762 quin
559 711 763 772 existimet,
782 710 956 748 habitam
978 723 1056 748 esse
1077 708 1263 747 rationem
1289 709 1339 746 ab

218 774 365 805 senatu.
392 766 522 804 Nemo
541 772 596 803 est
624 765 742 809 enim,
769 764 838 815 qui
856 763 1011 811 nesciat,
1031 762 1241 815 quominus
1259 761 1339 800 dis-

218 821 335 859 cessio
357 820 476 864 fieret,
503 832 570 870 per
598 818 830 856 adversarios
858 826 944 856 tuos
969 831 1050 856 aese
1071 817 1241 854 factum:
1271 815 1341 867 qui

219 887 336 920 nunc,
362 873 499 934 populi
522 872 691 919 nomine,
711 885 752 910 re
773 879 902 910 autem
927 871 1031 920 vel-5,
1056 869 1342 909 sceleratissimo

218 927 430 975 latrocinio,
451 927 484 964 si
509 940 596 978 quae
618 927 858 964 conabuntur
885 938 1010 976 agere,
1037 925 1127 963 satis
1144 923 1342 975 provisum

220 989 291 1029 est,
311 989 357 1019 ut
374 994 422 1019 ne
441 981 536 1032 quid
561 980 673 1018 salvis
698 979 809 1030 auspi
796 978 875 1018 16115
899 986 968 1018 aut
990 978 1155 1031 legibuS,
1178 985 1246 1016 aut
1259 978 1344 1028 Jam

223 1036 303 1076 sine
316 1035 369 1083 vi,
389 1048 500 1086 agere
517 1033 677 1086 possint.

277 1090 366 1140 Ego
382 1102 507 1140 neque
526 1088 574 1126 de
590 1100 678 1126 meo
697 1087 837 1134 studio,
857 1099 982 1139 neque
999 1086 1047 1125 de
1068 1087 1347 1126 nonnullorum

223 1142 379 1194 injuria,
405 1142 650 1181 scribendum
671 1141 770 1179 mihi
795 1154 874 1180 aese
896 1141 1069 1179 arbitror.
1107 1141 1218 1190 Quid
1242 1139 1348 1178 enim

225 1206 293 1236 aut
321 1210 386 1235 me
415 1204 621 1234 ostentem.
612 1198 629 1223 ²
659 1195 742 1246 qui,
768 1195 802 1233 si
828 1195 948 1233 vitam
969 1208 1040 1246 pro
1066 1196 1136 1234 tua
1162 1194 1350 1246 dignitate

223 1251 471 1303 profundam,
487 1250 636 1287 nullam
647 1257 796 1300 partem
808 1249 937 1286 videar
950 1255 1105 1287 tuorum
1124 1249 1351 1288 meritorum

227 1312 446 1348 assecutus3
467 1312 535 1342 aut
553 1303 600 1341 de
619 1302 806 1340 aliorum
796 1303 946 1352 injuriis
957 1315 1121 1353 querar.
1111 1305 1130 1331 ⁹
1146 1302 1254 1355 quod
1267 1301 1351 1340 sine

227 1371 380 1399 5111111110
399 1358 527 1395 dolore
545 1357 667 1395 facere
685 1369 762 1394 non
780 1369 950 1417 possum.
979 1356 1067 1407 Ego
1078 1357 1149 1395 tibi
1166 1370 1191 1395 3
1207 1356 1260 1404 vi,
1279 1355 1354 1397 hac

228 1412 437 1465 praesertim
453 1410 712 1449 imbecillitate
731 1410 1039 1461 magistratuum,
1059 1418 1237 1462 praestare
1254 1409 1354 1447 nihil

229 1479 398 1519 possum.
427 1465 478 1503 V
468 1478 482 1502 1
500 1463 669 1515 excepta,
689 1477 846 1515 possum
866 1464 1103 1512 confirmare,
1119 1472 1171 1512 te,
1191 1471 1229 1502 et
1243 1475 1352 1502 56113-

230 1525 292 1559 1ἱ15
313 1528 350 1558 et
369 1519 504 1571 populi
528 1519 697 1556 Romani
716 1530 869 1557 summo
890 1518 1033 1581 studio,
1052 1517 1349 1571 amplitudinem

231 1584 339 1615 tuam
357 1580 607 1615 retenturum.
638 1572 677 1611 V
679 1571 751 1612 ale.

233 1741 316 1787 (5.)
352 1738 414 1777 M.
428 1738 479 1777 T.
499 1738 546 1778 C.
575 1739 614 1777 S.
635 1737 687 1776 D.
719 1737 766 1776 P.
793 1737 1089 1786 LENTULO,
1118 1735 1354 1777 PROCOS.

290 1847 614 1897 (Argumentum.
627 1845 830 1886 —Scribit
857 1845 904 1884 de
933 1845 981 1885 C.
1003 1845 1158 1884 Catonis
1182 1845 1356 1897 promul-

235 1901 402 1951 gatione,
422 1901 470 1939 de
489 1908 590 1939 statu
604 1900 719 1950 regiae
736 1913 873 1947 causae,
894 1899 942 1937 de
961 1912 1030 1938 suo
1044 1899 1248 1951 Seliciique
1266 1911 1356 1937 con-

235 1954 333 2003 silio,
353 1956 462 2005 cujus
479 1967 558 1993 non
576 1954 807 1992 inhonorum
827 1962 1007 1992 eventum
1026 1960 1181 2004 sperat.)

290 2063 465 2101 Tametsi
483 2061 580 2100 mihi
595 2062 690 2100 nihil
701 2061 777 2100 fuit
789 2061 970 2123 optatius,
987 2073 1107 2113 quam
1125 2068 1169 2099 ut
1187 2061 1357 2112 primum

235 2119 305 2155 abs
324 2124 361 2155 te
379 2117 477 2168 ipso,
497 2116 634 2155 deinde
652 2130 676 2154 a
692 2116 836 2154 caeteris
853 2116 1047 2162 omnibus,
1061 2128 1179 2166 quam
1192 2115 1358 2166 gratis&-

234 2183 324 2208 mus
344 2184 435 2222 erga
453 2179 490 2208 te
509 2183 589 2208 esse
608 2182 877 2220 cognoscerem
898 2178 1025 2208 tamen
1046 2169 1189 2208 afficior
1207 2180 1361 2206 summo

230 2224 376 2285 dolore,
408 2224 599 2275 ejusmodi
629 2232 801 2276 tempora
833 2231 919 2276 post
950 2231 1058 2264 tuam
1089 2221 1362 2275 profectionem
