1481 2422
201 105 281 144 256
406 105 491 144 AD
519 105 818 146 DIVERSOS.
848 106 949 144 Lm.
971 103 1047 144 IX.
1072 105 1135 143 11.

197 214 441 263 judicaturus
469 228 573 264 sum,
598 223 732 253 utrum
751 215 828 253 sint
852 229 913 252 του
932 229 1096 261 ποιητου,
1115 213 1167 252 'an
1186 212 1330 262 mapsa-‘-

201 268 455 317 ἑεὲλημενω..
472 270 576 308 Puto
599 282 703 308 nunc
733 270 881 307 dicere:
912 268 1122 308 oblitusne
1149 280 1188 306 es
1209 265 1329 317 igitur

199 321 410 373 fungorum
425 323 596 371 illorum,
611 337 707 374 quos
721 323 825 375 apud
841 323 997 361 Niciam
1009 322 1028 358 ’Β
1056 329 1094 360 et
1111 320 1328 372 ingentium

201 377 431 427 squillamm
456 391 545 416 cum
575 378 721 429 Sophia
740 377 966 428 Septimiae?
996 376 1104 424 Quid
1133 376 1255 427 ergo?

201 430 295 469 adeo
322 431 421 469 mihi
448 445 652 470 excussam
677 445 740 470 sev
742 432 914 469 critatem
942 438 1110 469 veterem
1137 437 1265 482 putas,
1286 433 1331 465 ut

199 495 250 522 ne
270 484 310 522 in
331 485 413 524 foro
433 486 590 537 quidem
619 486 791 547 reliquiae
818 485 988 537 pristinae
1014 484 1150 523 frontis
1169 494 1332 536 appare-

199 546 267 576 ant
281 541 299 577 ?
337 540 412 578 Sed
444 547 574 578 tamen
605 540 877 578 suavissimum
918 539 1124 587 συμέιωτην
1151 546 1327 576 nostrum

198 595 389 643 praestabo
418 594 671 645 integellumz
712 606 782 632 nec
811 593 1066 640 committam,
1098 598 1156 641 ut,
1189 592 1220 630 si
1258 603 1329 642 ego

200 660 291 685 eum
307 648 577 694 condemnaro,
595 657 638 685 tu
651 647 841 693 restituas,
858 659 907 685 ne
920 646 1060 685 habeat
1074 646 1203 685 Bursa
1209 645 1330 684 Plan-

200 713 281 748 cus,
296 702 401 752 apud
421 715 539 752 quem
557 702 686 739 literas
705 701 836 739 discat.

256 756 332 794 Sed
362 756 458 808 quid
483 758 588 806 ago?
617 768 707 793 cum
726 755 824 793 mihi
843 755 891 793 sit
916 754 1120 801 incertum,
1140 754 1331 806 tranquil-

201 809 289 847 lone
308 810 358 848 sis
378 810 522 856 animo,
543 822 607 857 an,
628 817 672 847 ut
689 809 730 846 in
749 809 896 857 bello,
885 821 927 846 111
955 808 1087 859 aliqua
1114 808 1333 858 majuscula

202 876 296 901 cura
319 864 519 915 negotiove
547 876 707 910 versere,
731 864 840 901 labor
868 862 1036 914 longius.
1076 862 1181 901 Cum
1213 862 1332 914 igitur

200 917 300 955 mihi
320 920 390 956 erit
409 917 666 969 exploratum,
687 925 725 956 te
743 918 906 956 libenter
933 929 1013 955 esse
1037 916 1220 965 risurum,
1241 916 1333 955 scri-

200 972 294 1010 bam
314 972 364 1010 ad
383 980 420 1010 te
437 972 627 1024 pluribus.
655 971 716 1010 Te
734 980 864 1010 tamen
883 971 956 1009 hoc
975 970 1069 1009 scire
1087 971 1188 1020 volo,
1217 970 1333 1010 vehe-

201 1033 350 1064 menter
363 1026 555 1078 populum
570 1026 776 1064 sollicitum
795 1025 914 1064 fuisse
932 1025 979 1063 de
992 1025 1038 1062 P.
1055 1025 1175 1064 Sullae
1192 1032 1332 1073 morte,

202 1087 411 1132 antequam
432 1088 579 1119 certum
606 1080 742 1118 scierit.
783 1080 903 1118 Nunc
928 1091 1099 1131 quaerere
1121 1079 1329 1127 desierunt,

202 1135 399 1185 quomodo
417 1134 584 1186 perierit.
613 1134 714 1173 Satis
732 1141 886 1186 putant,
903 1147 942 1172 se
957 1133 1064 1181 scire,
1078 1133 1183 1185 quod
1194 1132 1331 1172 sciunt.

201 1188 290 1240 Ego
309 1189 514 1241 caeteroqui
531 1189 662 1226 animo
688 1201 799 1240 aequo
828 1187 935 1235 fero3
962 1199 1088 1227 unum
1114 1199 1260 1238 vereor,
1282 1199 1335 1227 ne

203 1243 315 1283 hasta
331 1242 494 1284 Caesaris
513 1242 713 1282 refrixerit.
745 1243 783 1281 V
785 1243 857 1281 ale.

367 1407 483 1454 (ll.)
514 1404 731 1446 CICERO
762 1406 1152 1446 DOLABELLAE.

257 1513 584 1562 (Argumentum.
601 1537 653 1543 —
671 1514 855 1553 Tulliolae
888 1520 1069 1560 mortem,
1098 1513 1215 1552 etiam
1244 1519 1332 1565 post

202 1565 427 1614 divortium,
458 1568 673 1607 Dolabellae
698 1569 900 1620 significat,
929 1568 971 1605 in
996 1569 1107 1618 cujus
1129 1575 1333 1606 consuetu-

202 1620 292 1659 dine
312 1621 492 1660 solatium
513 1622 585 1661 sibi
603 1623 684 1661 fore
702 1623 767 1661 ait.
801 1624 898 1662 Suos
917 1623 1187 1661 obtrectatores
1206 1635 1230 1660 a
1248 1621 1333 1660 Do-

201 1674 344 1714 labella
363 1675 522 1714 refutari
541 1677 638 1725 vult,
659 1679 708 1715 ab
728 1677 940 1730 eodemque
959 1689 999 1715 se
1017 1676 1150 1714 3111311.
1181 1675 1333 1728 Scripta

188 1727 353 1768 “Caesare
368 1737 551 1782 quartum
567 1730 753 1781 consule.)

257 1837 335 1876 Vel
353 1851 439 1876 meo
462 1838 582 1890 ipsius
601 1839 757 1878 interitu
775 1839 935 1877 mallem
959 1839 1088 1877 literas
1109 1851 1214 1876 meas
1233 1837 1334 1877 desi-

202 1890 367 1938 derares,
389 1906 508 1943 quam
529 1907 572 1931 eo
592 1906 696 1940 casn,
713 1907 791 1945 quo
804 1906 890 1932 sum
903 1893 1124 1942 gravissime
1143 1892 1330 1931 afflictus:

202 1958 319 1996 quem
339 1946 478 1984 ferrem
498 1956 597 1985 certe
615 1948 863 1995 moderatius,
885 1947 918 1985 si
937 1954 974 1984 te
993 1947 1186 1985 haberem.
1224 1947 1333 1985 Nam

203 2007 241 2038 et
266 2000 386 2038 oratio
416 2008 482 2039 tua
500 2001 683 2053 prudens,
704 2009 741 2040 et
777 2014 886 2040 amor
912 2014 1002 2051 erga
1025 2014 1090 2039 me
1111 2000 1332 2051 singularis,

202 2054 374 2092 multum
386 2055 541 2093 levaret.
566 2056 655 2103 Sed,
673 2056 857 2107 quoniam
869 2055 975 2094 brevi
988 2063 1158 2106 tempore
1172 2056 1235 2106 (ut
1249 2055 1334 2106 opi-

203 2107 268 2146 nio
287 2116 417 2146 nostra
435 2107 510 2158 est)
532 2118 570 2148 te
589 2123 675 2148 sum
700 2110 865 2157 visurus,
894 2109 949 2147 ita
976 2122 1040 2147 me
1067 2109 1247 2148 affectum
1273 2109 1332 2146 of-

203 2161 350 2208 fendes,
377 2171 421 2201 ut
439 2164 609 2202 multum
637 2177 660 2202 a
678 2173 715 2202 te
733 2163 876 2215 possim
892 2163 1048 2215 juvari;
1078 2175 1156 2201 non
1181 2175 1259 2214 quo
1276 2163 1331 2200 ita

204 2216 279 2253 sim
297 2216 454 2264 fractus,
475 2226 517 2256 ut
533 2227 600 2256 aut
619 2218 815 2257 hominem
835 2231 898 2256 me
918 2230 994 2256 esse
1006 2217 1149 2256 oblitus
1161 2217 1250 2263 sim,
1265 2225 1334 2254 aut
