1481 2422
314 74 399 114 AD
428 73 729 114 DIVERSOS.
759 73 861 111 1113.
882 74 960 113 XI.
992 73 1057 111 21.
1179 72 1257 113 347

125 186 208 225 dias
227 185 426 224 vitantem.
456 183 571 222 Nihil
590 183 696 222 enim
715 182 783 222 tua
800 183 898 221 mihi
927 181 1005 222 vitai
1029 190 1155 235 potest
1177 193 1258 220 osse

117 239 344 291 jucundius,
375 252 502 291 neque
527 238 663 277 carius.
705 237 814 277 Illud
838 237 940 286 vide,
973 251 1036 287 ne,
1066 236 1255 283 timendo,

115 295 240 347 magis
258 294 394 333 timere
412 306 549 345 cogare
567 306 580 339 ;
601 301 653 341 et,
667 293 810 345 quibus
830 295 944 331 rebus
964 299 1090 344 potest
1108 292 1255 330 occurri

120 349 326 397 veteranis,
346 362 533 388 occurras.
564 348 760 397 Primum,
775 347 880 400 quod
895 347 1112 386 desiderant
1123 346 1171 384 de
1189 346 1256 384 de-

115 404 306 453 cemviris,
321 404 465 443 facias:
499 402 636 442 deinde
651 402 699 442 de
717 403 899 455 praemiis.
928 402 971 441 Si
996 402 1068 441 tibi
1087 400 1252 448 videtur,

114 472 226 512 agros
245 472 381 498 eorum
400 458 587 506 militum,
609 457 678 510 qui
693 471 782 497 cum
797 457 975 497 Antonio
987 456 1156 495 veterani
1170 455 1255 494 fue-

113 522 221 564 runt,
241 514 303 553 his
322 514 470 553 dandos
489 526 642 552 censeas
662 514 710 551 ab
724 513 898 566 utrisque
912 512 1048 551 nobis:
1075 511 1123 550 de
1137 523 1255 549 num-

112 570 204 616 mis,
228 569 331 608 lente
357 583 402 608 ac
426 568 573 608 ratione
594 566 728 606 habita
752 567 950 620 pecuniae:
991 569 1180 606 Senatum
1206 565 1255 604 de

114 623 159 665 ea
177 637 219 664 re
237 623 551 663 constituturum.
583 622 764 670 Quatuor
789 623 1006 675 legionibus
1026 622 1088 670 iis,
1110 621 1254 674 quibus

110 692 223 732 agros
248 679 396 718 dandos
431 678 644 725 censuistis,
676 677 788 717 video
824 678 1054 717 facultatem
1091 676 1172 716 fore
1205 689 1254 714 ex

109 734 212 788 agris
230 733 402 774 Sullanis
421 741 459 772 et
478 746 570 785 agro
590 732 805 784 Campano.
835 732 1057 785 AEqualiter
1069 740 1137 770 aut
1155 738 1256 770 sorte

109 802 223 843 agros
242 789 459 841 legionibus
479 788 664 840 assignari
683 796 782 840 puto
802 795 988 840 oportere.

169 844 268 883 Haec
285 857 350 882 me
369 844 439 883 tibi
458 843 620 883 scribere
634 855 712 880 non
731 842 937 894 prudentia
955 855 1043 881 mea
1060 843 1251 890 hortatur,

111 899 179 940 sed
198 912 307 938 amor
325 899 367 937 in
387 907 439 946 te,
471 906 510 937 et
538 897 730 950 cupiditas
749 897 840 942 otii3
873 897 979 949 quod
998 897 1080 936 sine
1098 904 1136 935 te
1161 909 1252 935 con-

112 955 243 995 sistere
261 967 340 994 non
359 961 496 1006 potest.
526 953 629 1005 Ego,
650 952 726 991 nisi
744 953 856 991 valde
875 965 1024 991 necesse
1050 951 1182 999 fuerit,
1203 965 1252 991 ex

114 1009 233 1049 Italia
261 1021 341 1048 non
371 1008 568 1048 excedam.
610 1007 803 1059 Legiones
836 1020 958 1055 armo,
991 1020 1110 1059 paro:
1142 1020 1252 1059 spero

111 1077 178 1104 me
206 1077 285 1104 non
306 1064 521 1117 pessimum
551 1063 764 1102 exercitum
790 1062 1016 1101 habiturum
1042 1062 1093 1100 ad
1117 1075 1252 1101 omnes

110 1133 220 1159 casus
240 1128 278 1158 et
295 1119 465 1171 impetus
482 1118 704 1157 hominum.
734 1117 796 1156 De
811 1117 995 1165 exercitu,
1012 1130 1130 1169 quem
1147 1117 1253 1155 Pan-

113 1188 155 1214 sa
183 1174 336 1223 habuit,
356 1173 549 1226 legionem
580 1172 679 1211 mihi
705 1170 836 1212 Caesar
861 1185 939 1211 non
970 1172 1143 1211 remittit.
1185 1171 1253 1210 Ad

109 1229 181 1269 has
199 1230 329 1269 literas
347 1229 478 1268 statim
497 1227 596 1266 mihi
610 1228 772 1266 rescribe
787 1241 798 1273 ;
829 1234 1065 1279 tuorumque
1079 1227 1252 1279 aliquem

111 1285 238 1334 mitte,
269 1284 302 1323 si
326 1283 422 1336 quid
452 1283 694 1322 reconditum
725 1282 850 1334 magis
879 1282 964 1329 erit,
986 1295 1127 1334 meque
1157 1282 1252 1321 scire

111 1353 212 1393 opus
228 1337 388 1393 putaris.
417 1338 531 1379 Vale.
561 1337 676 1377 VIII
698 1335 784 1378 Cal.
804 1337 904 1376 Jun.
932 1336 1139 1389 Eporedia.

159 1505 273 1555 (21.)
302 1505 366 1545 Μ.
384 1505 436 1545 Τ.
458 1503 506 1546 C.
535 1504 590 1544 D.
618 1503 839 1552 BRUTO,
868 1502 993 1542 IMP.
1022 1503 1063 1543 S.
1081 1502 1127 1541 P.
1149 1501 1205 1542 D.

167 1615 499 1668 (Argumentum.
511 1641 567 1650 —
580 1614 805 1668 Respondet
823 1612 1010 1666 superiori
1024 1611 1227 1666 epistolae.)

167 1726 239 1767 Dii
263 1725 327 1765 isti
355 1725 513 1778 Segulio
531 1727 635 1765 male
657 1725 814 1772 faciant,
845 1723 997 1764 homini
1014 1723 1252 1776 nequissimo

111 1783 306 1830 omnium,
337 1781 408 1834 qui
437 1788 542 1829 sunt,
577 1781 647 1833 qui
673 1780 845 1829 fuerunt,
873 1779 943 1832 qui
975 1778 1100 1818 futuri
1130 1778 1247 1817 sunt!

111 1837 258 1886 Quid?
287 1843 332 1874 tu
364 1836 479 1874 illum
512 1842 643 1874 tecum
672 1834 814 1883 solum,
846 1842 915 1873 aut
945 1847 1036 1874 cum
1067 1832 1248 1873 Caesare?

109 1892 179 1945 qui
197 1891 395 1931 neminem
412 1890 714 1943 praetermiserit,
744 1890 909 1942 quicum
934 1889 1044 1942 loqui
1066 1887 1249 1941 potuerit,

109 1948 173 1987 cui
191 1959 270 1986 non
299 1945 434 1985 eadem
459 1945 533 1983 ista
558 1945 716 1984 dixerit.
761 1944 823 1983 Te
849 1951 998 1993 tamen,
1025 1944 1082 1982 mi
1108 1944 1248 1990 Brute,

109 2002 163 2042 sic
182 2015 286 2050 amo,
307 2008 353 2039 ut
371 2000 505 2048 debeo,
533 1999 639 2052 quod
657 1999 777 2049 istud,
799 1999 992 2052 quidquid
1011 2006 1108 2037 esset
1126 2010 1251 2049 nuga-

109 2069 214 2105 rum,
234 2069 299 2095 me
317 2054 414 2094 scire
428 2054 596 2093 voluisti.
626 2054 792 2106 Signum
808 2054 912 2092 enim
931 2065 1123 2105 magnum
1142 2065 1250 2091 amo-

110 2111 164 2150 ris
193 2109 345 2150 dedisti.
387 2110 511 2157 Nam,
547 2109 653 2162 quod
684 2109 790 2148 idem
823 2108 1019 2160 Segulius,
1052 2114 1250 2147 veteranos

109 2166 221 2218 queri
250 2164 357 2218 quod
389 2172 433 2203 tu
463 2171 502 2202 et
525 2163 655 2203 Caesar
681 2163 722 2202 in
744 2163 971 2203 decemviris
994 2175 1073 2201 nou
1104 2161 1247 2208 essetis,

108 2221 261 2260 utinam
290 2232 339 2259 ne
367 2232 438 2271 ego
465 2219 625 2271 quidem
656 2219 808 2258 essem!
839 2218 950 2267 Quid
978 2217 1084 2257 enim
1107 2217 1249 2255 moles-

111 2275 186 2314 tius
200 2277 219 2315 Ρ
249 2274 326 2316 Sed
346 2281 492 2323 tamen,
515 2287 605 2313 cum
626 2287 698 2325 ego
718 2273 935 2321 sensissem,
960 2272 1008 2312 de
1027 2272 1073 2310 iis
1092 2272 1162 2324 qui
1182 2284 1245 2310 ex-
