1481 2422
250 107 332 154 374
441 106 527 147 AD
555 105 855 148 DIVERSOS.
884 105 989 147 Iam.
1016 105 1121 147 XII.
1154 107 1221 155 14.

252 216 356 266 Quae
379 229 455 267 res,
475 217 508 257 si
533 231 557 257 a
574 217 740 258 Rhodiis
757 230 836 257 non
855 229 978 258 essem
1001 217 1283 270 interpellatus,
1301 215 1382 256 for-

250 279 350 311 tasse
365 278 445 311 tota
462 273 615 312 sublata
632 281 752 312 esset:
783 281 916 312 tamen
934 272 1079 325 magna
1096 285 1146 312 ex
1163 279 1273 325 parte
1290 284 1381 324 pro-

252 326 385 379 fligata
398 334 480 373 est,
511 340 600 367 cum
617 327 773 380 quidem
786 327 914 366 classis
933 327 1115 379 dissipata
1133 334 1217 374 est3
1233 325 1378 366 adven-

252 383 315 420 tus
334 382 453 420 nostri
467 382 603 421 timore
617 382 759 421 milites
771 382 964 435 ducesque
981 381 1227 434 effugerunt;
1247 393 1383 420 onera.-

252 435 322 474 riae
350 449 484 476 omnes
514 437 564 476 ad.
591 449 712 475 unam
745 450 768 475 a
792 437 903 476 nobis
933 443 1026 475 sunt
1048 443 1229 489 exceptae.
1269 435 1384 476 Certe

253 492 299 543 (q
299 490 378 529 uod
397 491 567 530 maxime
585 491 716 537 timui)
732 491 863 530 videor
881 497 1120 539 consecutus,
1140 497 1186 529 ιιι
1203 503 1282 529 ιιοιι
1295 503 1385 543 pos-

255 545 307 583 sit
321 544 555 584 Dolabella
545 559 585 583 m
600 545 755 584 Italiam
767 546 980 608 pervenire,
993 557 1078 595 nec,
1094 545 1204 585 sociis
1221 545 1301 585 suis
1318 544 1385 584 fir·

254 599 384 647 matis,
412 599 546 639 durius
566 600 672 638 vobis
691 600 836 639 efficere
854 600 1066 652 negotium.

312 653 459 693 Rhodii
477 667 546 693 nos
573 663 610 693 et
628 655 908 707 rempublicam
927 667 1048 707 quam
1073 653 1185 694 valde
1208 653 1386 707 despera-

257 708 396 757 verint,
417 722 465 747 ex
494 709 613 747 literis
641 722 737 761 quas
762 710 917 762 publice
938 709 1041 757 misi,
1075 721 1288 760 cognosces.
1327 709 1385 748 Et

258 762 419 815 quidem
437 764 562 802 multo
580 765 731 816 parcius
751 764 894 816 scripsi.
924 764 1065 803 Mirari
1082 763 1174 802 noli.
1205 763 1314 803 Mira
1330 770 1387 802 est

259 831 393 857 eorum
414 819 593 857 amentia.
626 819 710 857 Nec
728 831 792 857 me
809 832 907 858 meae
926 819 1018 858 ullae
1035 818 1217 871 privatim
1233 817 1388 868 injuriae

259 885 462 924 unquam3
493 874 620 911 malus
639 873 791 912 animus
806 886 939 912 eorum
957 873 999 912 in
1017 880 1188 912 nostram
1207 872 1386 920 salutem,

259 927 449 979 cupiditas
469 928 638 979 partium
657 928 836 975 aliarum,
856 927 1135 980 perseverantia
1152 927 1194 966 in
1216 933 1387 967 oontem-

260 981 364 1020 tione
383 982 520 1034 optimi
546 983 748 1034 cujusque,
769 982 926 1022 ferenda
953 982 1051 1021 mihi
1069 994 1148 1020 non
1175 981 1262 1020 fuit.
1300 981 1387 1020 Nee

262 1043 393 1075 tamen
413 1049 545 1075 omnes
564 1037 731 1088 perditos
756 1050 835 1076 esse
857 1045 965 1090 puto.
995 1036 1072 1076 Sed
1089 1035 1207 1075 iidem
1225 1035 1299 1084 illi,
1319 1035 1389 1088 qui

261 1099 348 1129 tum
367 1091 580 1143 fugientem
599 1099 750 1143 patrem
763 1105 912 1141 meum,
928 1091 998 1144 qui
1011 1092 1061 1130 L.
1077 1091 1308 1140 Lentulum,
1320 1089 1391 1143 qui

263 1145 512 1197 Pompeium,
535 1146 602 1198 qui
621 1154 774 1185 caeteros
793 1146 892 1185 viros
911 1146 1156 1193 clarissimos,
1181 1158 1260 1184 non
1287 1157 1390 1184 rece-

262 1208 418 1252 petunt,
443 1200 575 1248 iidem,
602 1208 804 1252 tamquam
833 1201 964 1253 aliquo
996 1201 1089 1248 fato,
1121 1207 1160 1240 et
1187 1212 1292 1239 nunc
1323 1206 1392 1238 aut

263 1255 536 1305 magistratum
562 1263 716 1306 gerunt,
740 1263 808 1294 aut
836 1269 912 1303 eos,
933 1255 1002 1308 qui
1020 1262 1111 1294 sunt
1128 1254 1170 1294 in
1187 1254 1392 1315 magistra—

262 1316 324 1357 tu,
344 1309 384 1347 in
405 1323 475 1348 sua
500 1310 643 1348 habent
662 1317 860 1361 potestate.
890 1309 1031 1362 Itaque
1050 1309 1187 1348 eadem
1211 1307 1391 1370 superbia

265 1363 306 1401 in
343 1364 531 1415 pravitate
560 1372 738 1402 utuntur.
786 1364 969 1412 Quorum
1000 1363 1289 1426 improbitatem
1320 1362 1392 1402 ali-

266 1418 423 1470 quando
442 1419 609 1466 retundi,
636 1426 674 1456 et
692 1431 768 1456 non
787 1418 868 1470 pati
887 1418 1119 1470 impunitate
1146 1417 1292 1469 augeri,
1312 1430 1393 1457 non

266 1472 395 1511 solum
415 1473 509 1511 utile
528 1480 583 1512 est
601 1473 821 1525 reipublicae
839 1480 992 1521 nostrae,
1012 1472 1079 1512 sed
1093 1473 1210 1512 etiam
1223 1485 1394 1512 necessa-

271 1540 386 1565 num.

323 1581 387 1620 De
404 1581 535 1620 nostra
563 1581 764 1634 dignitate,
796 1581 913 1621 velim
942 1581 1013 1620 tibi
1038 1589 1084 1620 ut
1112 1594 1266 1634 semper
1292 1594 1395 1621 curae

266 1636 340 1675 sit:
373 1643 424 1685 et,
455 1649 703 1698 quocumque
732 1645 903 1688 tempore
931 1637 1169 1676 occasionem
1197 1635 1393 1685 habueris,

266 1698 305 1730 et
321 1690 364 1729 in
383 1699 532 1738 senatu,
553 1698 591 1729 et
604 1691 645 1729 in
663 1691 807 1730 caeteris
825 1692 954 1734 rebus..
974 1691 1082 1730 laudi
1099 1698 1239 1730 nostrae
1256 1689 1395 1730 suffra-

266 1758 368 1797 gere.
411 1744 581 1793 Quando
611 1746 831 1785 consulibus
861 1745 1012 1785 decreta
1030 1753 1086 1785 est
1105 1746 1214 1794 Asia,
1246 1752 1285 1784 et
1308 1758 1397 1797 per-

266 1799 431 1838 missum
447 1807 502 1838 est
521 1800 580 1847 iis,
601 1807 659 1847 ut,
680 1800 806 1838 dum
795 1800 869 1852 ipsi
887 1801 1073 1849 venirent,
1094 1800 1230 1839 darent
1247 1799 1397 1851 negoti-

267 1867 354 1902 um,
374 1854 443 1906 qui
461 1854 602 1893 Asiam
631 1855 853 1901 obtineant,
882 1867 976 1906 rogo
1000 1862 1052 1903 te,
1075 1862 1183 1906 petas
1201 1853 1280 1893 ab
1269 1854 1332 1901 iis,
1350 1861 1397 1893 ut

269 1908 371 1947 hanc
389 1908 616 1971 dignitatem
641 1909 887 1961 potissimum
905 1909 1016 1948 nobis
1035 1909 1220 1954 tribuant,
1240 1916 1281 1948 et
1297 1907 1397 1947 mihi

269 1962 364 2002 dent
387 1964 601 2025 negotium,
630 1971 676 2002 ut
706 1963 847 2003 Asiam
865 1964 1075 2012 obtineam,
1102 1963 1198 2002 dum
1223 1963 1397 2025 ipoerum

269 2018 453 2057 alteruter
472 2018 629 2057 venerit.
659 2018 782 2067 Nam,
803 2017 909 2071 quod
926 2018 1004 2057 huc
1021 2024 1227 2070 properent
1251 2017 1293 2055 ιιι
1312 2029 1398 2056 ma-

269 2072 432 2123 gistratu
459 2073 602 2120 venire,
631 2081 700 2112 aut
727 2073 937 2112 exercitum
955 2073 1120 2120 mittere,
1140 2084 1296 2110 causam
1320 2083 1400 2110 non

271 2126 429 2166 habent.
458 2126 665 2166 Dolabella
683 2127 786 2166 enim
805 2127 846 2166 ιιι
865 2126 979 2179 Syria
993 2134 1077 2166 est·
1108 2135 1160 2174 et,
1176 2133 1221 2165 ιιι
1238 2134 1283 2164 ιιι
1301 2125 1401 2164 divi-

273 2181 328 2220 na.
357 2180 426 2220 tua
453 2190 559 2221 men*
547 2195 582 2221 e
610 2182 841 2235 prospexisti
871 2189 911 2220 et
941 2181 1171 2234 praedicasti,
1203 2179 1302 2220 dum
1337 2179 1401 2218 isti

278 2233 468 2285 [venient,
473 2237 490 2288 ]
512 2236 667 2277 Cassius
680 2249 771 2276 eum
790 2235 993 2290 opprimet.
1022 2235 1218 2276 Exclusus
1235 2233 1341 2275 enim
1352 2235 1400 2274 ab
