1501 2407
239 91 288 128 16
463 89 546 129 AD
575 88 871 130 DIVERSOS.
900 89 1000 128 11113.
1021 88 1055 127 1.
1085 91 1146 128 9,.

234 196 425 235 exstabit
415 210 456 235 in
475 197 740 236 conveniendis
754 197 1040 249 magistratibus
1052 204 1090 235 et
1101 193 1349 235 senatoribus.

235 251 395 300 Caetera,
411 265 497 303 quae
516 251 565 289 ad
583 259 620 290 te
637 252 895 303 pertinebunt,
911 264 1000 290 cum
1019 251 1135 288 etiam
1153 250 1242 301 plus
1260 260 1351 286 con-

236 304 468 343 tenderimus
491 318 609 356 quam
627 318 844 356 possumus,
861 305 989 343 minus
1007 312 1136 343 tamen
1153 302 1351 349 faciemus,

237 372 355 410 quam
374 359 568 397 debemus.
598 359 708 398 Vale.

238 502 322 569 (9.)
362 520 423 558 M.
439 520 489 559 T.
506 521 550 560 o.
566 521 612 559 P.
637 519 930 614 LENSTssLO’
959 517 1353 567 IMPERATom,

292 682 616 732 (Argumentum.
629 708 684 715 -
695 682 1005 721 Excusabundus
1027 680 1229 732 respondet
1252 680 1355 718 Len-

240 737 335 783 tulo,
368 736 435 787 qui
465 737 677 787 quaesierat‚
709 750 776 775 eur
806 737 846 774 in
879 737 1042 787 gratiam
1072 748 1161 774 cum
1191 735 1354 782 Caesare,

241 790 412 838 Vatinio,
443 798 480 827 et
506 791 654 839 Crasso,
685 791 865 828 rediisset.
910 790 1093 828 Rationes
1122 788 1267 827 consilii
1297 787 1357 826 sui

241 844 373 882 multis
390 844 511 882 verbis
531 845 712 896 exponit3
735 852 772 882 et
790 844 837 882 de
852 844 1000 882 Caesare
1015 843 1185 894 quidem,
1209 842 1258 880 de
1275 842 1358 880 Va-

240 897 348 944 tinio,
379 898 426 935 de
457 898 592 936 Crasso
621 898 800 949 denique,
833 897 988 935 tandem
1013 897 1061 934 de
1090 896 1236 948 scriptis
1263 895 1355 943 suis,

239 951 452 1002 respondet,
479 960 516 989 et
534 952 581 989 de
601 952 652 999 Q.
673 952 799 990 fratris
818 951 969 1002 negotio
985 965 997 996 ;
1027 950 1169 1001 quibus
1186 950 1293 988 addit
1310 949 1358 986 de

239 1005 363 1056 Appii
391 1018 457 1056 spe
486 1006 723 1055 succedendi,
751 1013 788 1044 et
819 1005 867 1044 de
894 1005 1109 1057 publicanis
1135 1017 1212 1043 non
1238 1003 1358 1041 offen-

241 1059 406 1108 dendis.)

298 1167 656 1217 Perjucundaemihi
673 1167 831 1206 fuerunt
843 1167 962 1206 literae
973 1173 1074 1213 tuae3
1091 1166 1232 1218 quibus
1245 1166 1357 1206 intel-

242 1221 334 1268 lexi,
355 1228 392 1259 te
410 1222 617 1273 perspicere
635 1235 762 1260 meam
785 1222 825 1259 in
850 1229 887 1259 te
905 1221 1109 1272 pietatem:
1139 1221 1234 1272 quid
1253 1222 1357 1260 enim

240 1274 366 1312 dicam
384 1276 700 1323 benevolentiam,
721 1288 810 1313 cum
828 1275 926 1313 illud
943 1275 1071 1326 ipsum
1089 1275 1358 1326 gravissimum

244 1335 281 1366 et
306 1329 588 1367 sanctissimum
614 1341 754 1367 nomen
779 1329 929 1381 pietatis
954 1329 1074 1367 levius
1097 1329 1195 1366 mihi
1213 1329 1358 1368 meritis

243 1395 333 1433 erga
351 1396 414 1420 me
433 1383 508 1421 tuis
528 1397 606 1421 esse
624 1383 796 1421 videatur
813 1386 830 1422 Ρ
868 1383 987 1431 Quod
1014 1391 1143 1420 autem
1163 1383 1233 1421 tibi
1249 1391 1359 1434 grata

240 1449 328 1474 mea
346 1450 435 1487 erga
452 1445 489 1474 te
508 1438 633 1475 studia
651 1437 780 1475 scribis
795 1450 888 1483 esse,
901 1437 992 1475 facis
1012 1444 1053 1474 tu
1069 1437 1225 1488 quidem
1236 1439 1360 1474 abun-

244 1489 375 1528 dantia
398 1491 567 1542 quadam
593 1491 747 1539 amoris,
767 1499 811 1529 ut
836 1492 950 1529 etiam
973 1498 1081 1541 grata
1100 1491 1175 1529 sint
1193 1504 1250 1537 ea,
1271 1504 1359 1542 quae

244 1545 481 1594 praetermitti
501 1546 580 1583 sine
594 1545 736 1583 nefario
749 1546 884 1583 scelere
898 1558 973 1582 non
992 1553 1164 1596 possunt.
1186 1545 1279 1584 Tibi
1290 1558 1359 1582 au-

244 1606 322 1634 tem
343 1599 467 1636 multo
486 1599 608 1637 notior
634 1607 748 1650 atque
766 1599 948 1637 illustrior
966 1612 1074 1637 meus
1092 1598 1132 1635 in
1151 1606 1188 1637 te
1207 1599 1359 1638 animus

245 1659 354 1697 esset,
375 1652 419 1699 31,
439 1653 510 1691 hoc
530 1662 698 1703 tempore
717 1653 823 1690 omni
848 1666 924 1704 quo
943 1653 1122 1713 disjuncti
1140 1652 1301 1699 fuimus,
1322 1659 1360 1692 et

245 1718 325 1743 una
351 1714 387 1743 et
407 1707 544 1744 Romae
565 1707 780 1744 fuissemus.
820 1707 942 1755 Nam,
970 1707 1010 1743 in
1037 1720 1079 1744 eo
1098 1707 1180 1757 ipso
1199 1707 1303 1758 quod
1322 1715 1359 1745 te

244 1759 408 1797 ostendis
427 1773 505 1798 esse
523 1761 730 1808 facturum,
758 1761 937 1812 quodque
962 1768 999 1798 et
1021 1760 1061 1797 in
1087 1760 1220 1811 primis
1237 1768 1357 1811 potes,

245 1820 282 1850 et
301 1826 370 1864 ego
384 1827 407 1851 a
421 1821 457 1851 te
476 1815 717 1852 vehementer
736 1824 925 1865 exspecto,
939 1814 978 1851 in
999 1822 1114 1851 sente
1106 1814 1193 1851 1tiis
1211 1822 1359 1852 senato-

244 1866 324 1913 riis,
321 1844 382 1904 oet
399 1867 440 1904 in
458 1868 564 1906 omni
582 1868 727 1906 actione
750 1876 865 1919 atque
889 1868 1214 1906 administratione
1231 1868 1359 1919 reipu-

244 1921 354 1958 blicae
371 1921 641 1961 floruissemus.
671 1922 734 1959 De
745 1924 824 1972 qua
835 1921 1032 1959 ostendam
1052 1921 1228 1972 equidem
1242 1923 1359 1973 paulo

243 1982 344 2024 post,
361 1975 429 2026 qui
448 1976 495 2013 sit
512 1989 620 2014 meus
639 1988 770 2014 sensus
789 1983 825 2013 et
843 1984 962 2013 status
979 1990 989 2013 z
1011 1982 1048 2013 et
1058 1976 1260 2013 rescribam
1273 1976 1358 2020 tibi,

246 2027 295 2064 ad
315 2041 359 2066 ea
377 2042 464 2080 quae
482 2030 644 2080 quaeris:
675 2029 740 2067 sed
758 2036 855 2067 certe
875 2036 912 2067 et
938 2042 1007 2079 ego
1030 2035 1068 2066 te
1093 2037 1245 2067 auctore
1263 2029 1359 2066 ami-

246 2081 396 2120 cissimo
415 2090 452 2120 et
470 2082 759 2143 sapientissimo
776 2091 812 2120 et
831 2090 873 2119 tu
892 2095 955 2120 me
967 2082 1190 2131 consiliario,
1202 2082 1360 2121 fortasse

246 2147 322 2172 non
349 2136 646 2187 imperitissimo,
675 2136 779 2174 fideli
804 2135 960 2187 quidem
980 2143 1017 2173 et
1041 2137 1224 2174 benevolo
1247 2144 1358 2183 certe,

245 2201 338 2227 usus
366 2203 487 2228 esses:
520 2203 773 2250 quamquam,
802 2188 870 2227 tua
887 2189 1044 2240 quidem
1062 2190 1191 2238 causa,
1219 2198 1256 2228 te
1283 2203 1362 2228 esse

244 2241 527 2294 imperatorem,
547 2244 859 2296 provinciamque
885 2245 982 2297 bene
1003 2243 1117 2295 gestis
1141 2245 1255 2283 rebus
1273 2256 1362 2282 cum
