1501 2407
325 122 408 161 AD
436 122 733 165 DIVERSOS.
763 125 864 164 Lus.
892 125 969 165 IV.
1002 126 1064 165 10.
1179 128 1254 167 103

143 230 281 283 patria,
312 229 412 280 duri,
442 242 492 270 ne
519 231 754 272 desiderare:
784 240 835 280 et,
863 233 895 271 si
922 246 963 273 re
990 232 1147 285 public&
1177 246 1255 274 non

139 284 259 338 possis
276 283 368 332 frui,
389 285 551 324 stultum
571 294 640 335 aet,
657 287 758 325 nolle
776 286 933 338 privata„

197 337 326 389 Caput
354 346 411 377 ωε
441 338 554 386 illud,
578 347 636 387 ut,
667 340 699 378 si
720 341 794 379 ista
822 341 899 379 vita
923 339 994 379 tibi
1022 341 1256 380 commodior

143 405 222 432 ωδε
240 391 426 440 videatur,
453 393 698 443 cogitandum
726 402 854 433 tamen
879 394 941 442 sit,
967 406 1015 432 ne
1037 396 1154 433 tutior
1178 407 1255 434 non

144 447 204 484 sit.
233 445 384 496 Magna
411 446 627 497 gladiorum
649 456 703 486 aet
721 448 897 494 licentia3
928 448 1006 495 sed,
1027 448 1067 486 in
1093 449 1256 488 externis

142 499 248 548 lociS‚
262 499 388 538 minor
407 501 522 538 etiam
541 501 590 539 ad
608 501 754 540 facinus
773 502 1007 541 verecundia.
1032 502 1138 540 Mihi
1155 503 1257 542 salus

142 561 213 592 tua
241 561 357 592 tantae
386 567 487 592 curae
517 562 586 601 est,
619 563 663 593 ut
696 555 897 603 Marcello,
927 555 1036 594 fratri
1071 564 1152 603 tuo,
1190 564 1257 594 aut

141 621 226 660 par,
252 615 319 645 aut
348 615 446 646 certe
475 609 675 660 proximus
700 609 784 647 sim.
814 609 950 648 Tuum
980 616 1035 647 est
1065 609 1258 648 consulere

143 661 392 755 temporibus,
414 669 451 701 et
468 662 736 712 incolumitati,
763 670 799 702 et
817 663 917 712 vitae,
934 670 971 702 et
988 662 1151 703 fortunis
1169 663 1259 704 tuis.

188 715 260 755 ale.

227 879 338 934 (10.)
378 880 439 921 M.
464 881 515 921 T.
536 882 581 922 C.
625 882 687 922 Μ.
717 882 1039 923 MARCELLO
1078 882 1117 922 S.
1137 882 1193 921 D.

200 990 525 1042 (Argumentum.
543 1015 598 1024 -—
616 990 806 1029 Hortatur
837 992 1085 1040 Marcellum,
1109 998 1154 1030 ut
1175 991 1261 1030 red-

143 1043 246 1082 itum
258 1051 438 1091 maturet,
456 1045 538 1093 jam
551 1058 574 1082 a
586 1045 734 1084 Caesare
750 1045 1022 1096 impetratum3
1049 1059 1138 1086 cum
1154 1045 1196 1084 id
1213 1045 1263 1084 ad

143 1110 226 1137 rem
246 1099 328 1148 ejus
346 1098 574 1137 familiarem
593 1099 703 1137 valde
721 1099 940 1150 pertineat.)

197 1205 287 1244 Etsi
304 1205 402 1243 nihil
420 1213 499 1244 erat
517 1206 620 1254 novi,
641 1206 745 1258 quod
762 1207 811 1246 ad
829 1214 866 1246 te
884 1207 1100 1256 scriberem,
1120 1207 1263 1258 magis-

144 1273 220 1312 que
248 1260 376 1298 literas
405 1268 490 1298 tuas
519 1262 602 1310 jam
631 1269 848 1312 exspectare
867 1261 1111 1312 incipiebam,
1140 1262 1201 1299 vel
1226 1268 1266 1299 te

142 1313 271 1366 potius
290 1314 443 1365 ipsum;
474 1322 618 1362 tamen,
638 1327 727 1352 cum
746 1315 988 1366 Theophilus
1012 1314 1265 1366 proficiscere-

144 1374 222 1416 tur,
243 1380 319 1405 non
338 1367 449 1419 potui
472 1367 571 1406 nihil
594 1368 628 1406 ei
649 1368 847 1406 literarum
866 1368 966 1407 dare.
1000 1369 1105 1407 Cura
1128 1368 1261 1419 igitur,

144 1428 191 1460 ut
209 1434 327 1473 quam
346 1421 518 1473 primum
537 1422 689 1461 venias:
721 1423 847 1461 venies
866 1423 969 1461 enim
991 1422 1106 1475 (mihi
1134 1420 1262 1471 crede)

147 1482 400 1527 exspectatuS,
434 1488 559 1528 neque
589 1477 713 1514 solum
745 1477 870 1523 nobis,
901 1476 943 1515 id
974 1484 1042 1524 est,
1073 1476 1164 1524 tuis,
1198 1476 1266 1514 sed

143 1542 299 1582 prorsus
317 1529 507 1569 omnibus.
536 1529 655 1568 Venit
673 1530 777 1568 enim
796 1530 893 1568 mihi
910 1531 951 1568 in
969 1538 1153 1577 mentem,
1175 1531 1267 1568 sub-

146 1584 266 1622 vereri
279 1583 488 1632 interdum,
509 1596 557 1622 ne
575 1591 612 1622 te
630 1583 789 1623 delectet
807 1584 915 1622 tarda
941 1584 1117 1624 decessio.
1146 1583 1266 1632 Quod

146 1637 179 1676 si
205 1638 360 1676 nullum
391 1637 548 1677 haberes
571 1650 738 1687 sensum,
766 1639 839 1676 nisi
866 1639 1079 1685 oculorum,
1111 1650 1267 1689 prorsus

146 1691 218 1730 tibi
235 1691 483 1743 ignoscerem,
504 1692 535 1730 si
554 1692 742 1744 quosdam
760 1693 880 1731 nolles
898 1693 1037 1731 videre.
1066 1691 1155 1740 Sed,
1176 1704 1267 1730 cum

144 1745 287 1784 leviora
300 1758 377 1784 non
394 1746 520 1784 multo
540 1752 675 1792 essent,
691 1759 778 1798 quae
792 1747 1028 1794 audirentur,
1050 1759 1168 1798 quam
1180 1758 1269 1797 quae

145 1798 393 1846 viderentu13
423 1800 633 1852 suspicarer
658 1808 803 1848 autem,
829 1801 999 1839 multum
1018 1800 1196 1838 interesse
1214 1799 1270 1837 rei

146 1852 348 1892 familiaris
371 1860 462 1902 tuae,
494 1862 531 1893 te
561 1867 679 1906 quam
711 1854 884 1906 primum
912 1854 1052 1902 venire,
1082 1853 1200 1905 idque
1228 1853 1270 1890 in

148 1919 282 1946 omnes
304 1914 430 1959 partes
453 1909 620 1954 valeret;
648 1908 796 1960 putavi,
821 1906 865 1947 ea
894 1908 940 1946 de
961 1921 1002 1947 re
1031 1915 1068 1946 te
1098 1920 1177 1946 aese
1201 1906 1270 1944 ad-

147 1961 398 2000 monendum.
428 1962 517 2010 Sed,
549 1962 746 2014 quoniam,
774 1962 868 2014 quid
889 1961 988 2000 mihi
1005 1962 1182 2014 placeret,
1210 1972 1274 1998 os-

148 2014 282 2061 tendi3
312 2016 459 2068 reliqua
488 2023 546 2066 tu,
566 2029 636 2068 pro
664 2017 735 2055 tufi.
755 2014 970 2068 prudentia,
1001 2013 1270 2054 considerabis.

148 2067 224 2107 Me
241 2076 370 2108 tamen
393 2069 524 2119 velim,
548 2069 653 2122 quod
678 2070 728 2111 ad
753 2077 907 2124 tempus
935 2077 975 2110 te
996 2076 1274 2123 exspectemus,

150 2122 350 2164 certiorem
365 2123 496 2165 facias.
524 2123 638 2165 vale.
