1481 2422
219 142 299 181 300
428 144 512 183 AD
541 143 839 185 DIVERSOS.
869 144 970 183 LIB.
990 143 1044 183 X,
1077 144 1139 183 18.

219 252 373 291 fortuna
391 253 562 302 servarit,
581 254 721 306 recipio
734 254 855 303 vobis,
872 253 1040 293 celeriter
1055 265 1120 293 me
1143 251 1342 306 negotium

223 320 269 345 ex
285 308 472 347 sententia
489 309 765 348 confecturum.

275 361 450 401 Fratrem
475 376 623 412 meum,
647 363 808 402 assiduis
831 362 1026 402 laboribus
1051 360 1348 401 concursationi-

224 417 374 478 busque
401 418 630 465 confectum,
660 418 824 469 graviter
852 431 891 456 se
917 417 1108 465 habuisse,
1139 425 1252 455 antea
1274 414 1347 454 tibi

225 470 379 523 scripsi·
412 472 478 510 sed
495 480 639 519 tamen,
660 485 750 511 cum
772 472 943 524 primum
971 484 1079 523 posse
1103 471 1252 522 ingredi
1274 483 1347 509 coe-

228 525 300 576 pit,
321 538 398 564 non
416 527 540 578 magis
562 527 633 565 sibi
657 539 777 587 fluam
805 526 1023 577 reipublicae
1046 539 1085 564 se
1111 524 1351 564 convaluisse

228 579 465 628 existimans,
490 581 539 619 ad
564 581 693 620 omnia
717 580 883 631 pericula
902 580 1078 631 princeps
1096 593 1175 618 esse
1192 591 1270 618 non
1287 591 1348 617 re-

227 635 383 673 cusavit.
422 635 498 674 Sed
525 649 594 686 ego
617 649 706 673 eum
725 647 804 673 non
823 635 948 673 solum
966 634 1142 683 hortatus
1161 647 1263 682 sum,
1284 646 1349 672 ve-

228 702 317 726 rum
330 689 445 728 etiam
458 690 577 741 coe'gi,
593 690 665 728 isto
681 689 893 741 proficisci;
923 688 1029 740 quod
1047 696 1098 736 et,
1117 688 1187 726 illa
1204 688 1352 727 valetu-

229 743 332 787 dine,
355 744 478 794 magis
504 744 685 783 conficere
711 757 750 782 se
774 757 893 795 quam
917 756 981 780 me
1006 743 1139 792 juvare
1166 750 1294 794 posset
1310 741 1352 780 in

231 798 360 836 castris
377 812 388 843 3
420 806 457 836 et
475 798 579 850 quod
597 798 837 837 acerbissimo
855 797 1011 836 interitu
1030 797 1233 836 consulum
1251 809 1352 834 rem-

230 853 427 903 publicam
445 853 645 901 nudatam,
673 853 739 891 tali
759 853 839 891 cive
857 860 1017 903 praetore
1035 852 1075 889 in
1094 851 1251 890 urbanis
1269 850 1353 889 offi-

233 906 298 944 ciis
317 907 487 958 indigere
507 907 786 945 existimabam.
815 906 933 955 Quod
953 906 984 944 si
1002 905 1070 957 qui
1089 908 1255 944 vestrum
1274 917 1353 943 non

232 962 422 1012 probabit,
443 962 540 1000 mihi
559 962 803 1013 prudentiam
825 962 866 999 in
891 960 1048 999 consilio
1065 960 1228 999 defuisse
1246 959 1351 1007 sciat,

233 1028 311 1053 non
330 1016 387 1053 illi
407 1029 496 1067 erga
514 1017 678 1068 patriam
695 1016 931 1054 fidelitatem.

288 1070 461 1122 Lepidus
489 1079 633 1119 tamen,
665 1070 770 1122 quod
797 1083 867 1122 ego
892 1068 1169 1118 desiderabam,
1188 1068 1290 1117 fecit,
1310 1074 1357 1107 ut

233 1125 419 1186 Apellam
439 1125 488 1163 ad
517 1138 581 1164 me
611 1125 792 1171 mitteret,
823 1137 902 1176 quo
930 1123 1060 1162 obside
1088 1123 1165 1162 fide
1194 1124 1299 1162 1111115
1318 1130 1357 1161 et

234 1179 422 1218 societatis
439 1179 481 1217 in
500 1192 540 1218 re
558 1180 715 1231 publica
734 1177 1035 1217 administranda
1056 1186 1196 1217 uterer.
1222 1177 1356 1217 Studi-

235 1247 305 1272 um
324 1233 421 1271 mihi
440 1247 555 1272 51111111
575 1235 623 1272 L.
639 1234 803 1281 Gellius,
819 1232 887 1283 [de
904 1233 1026 1271 tribus
1039 1231 1221 1272 fiatribus
1240 1232 1358 1272 Sexto

238 1288 433 1341 Gaviano]
454 1289 655 1340 probavit3
685 1301 763 1340 quo
781 1301 852 1339 ego
870 1287 1075 1339 interprete
1086 1287 1291 1325 novissime
1308 1285 1359 1324 ad

239 1342 434 1394 Lepidum
468 1356 554 1381 sum
576 1356 681 1381 usus.
721 1342 911 1380 Amicum
951 1354 1040 1380 eum
1059 1341 1279 1394 reipublicae
1297 1353 1359 1380 co-

238 1400 376 1448 gn‹'›sse
383 1397 532 1436 videor.
522 1412 532 1420 ·
553 1398 791 1448 libenterque
809 1396 844 1435 ei
858 1408 945 1434 sum
959 1395 1202 1441 testimonio,
1191 1409 1202 1419 ·
1219 1402 1257 1434 et
1274 1407 1359 1433 om-

241 1451 355 1489 nibus
381 1465 458 1499 ero,
484 1451 552 1503 qui
579 1453 676 1490 bene
706 1458 911 1489 merentur.
953 1450 1032 1488 Fac
1054 1451 1193 1497 valeas,
1218 1461 1360 1501 meque

240 1513 378 1544 mutuo
397 1505 548 1557 (1111885,
569 1505 872 1557 dignitatemque
889 1516 1032 1553 meam,
1052 1505 1084 1543 51
1101 1517 1262 1552 mereor,
1277 1511 1362 1542 tue-

242 1560 333 1608 aris,
353 1560 450 1599 sicut
467 1560 593 1599 adhuc
606 1559 791 1612 singulari
808 1571 899 1598 cum
916 1558 1181 1598 benevolentia
1197 1558 1332 1598 fecisti.

440 1722 555 1777 (18.)
586 1723 850 1764 PLANCUS
879 1722 1179 1765 CICERONI.

301 1837 626 1887 (Argumentum.
643 1861 696 1867 —
712 1838 871 1888 Narrat,
909 1837 1051 1890 quibus
1078 1836 1128 1876 de
1155 1833 1278 1876 causis
1313 1833 1363 1873 ad

246 1892 440 1945 Lepidum
455 1891 745 1945 proficiscatur.)

302 2000 412 2049 Quid
430 2001 470 2039 in
495 2001 626 2040 animo
652 2001 870 2049 habuerim,
890 2013 981 2040 cum
999 1999 1142 2038 Laevus
1160 1998 1369 2050 Nervaque

249 2055 500 2094 discesserunt
524 2069 548 2094 a
571 2068 650 2105 me,
670 2063 708 2094 et
727 2069 775 2094 ex
792 2055 911 2094 literis
939 2067 1034 2107 quas
1061 2053 1114 2092 eis
1141 2052 1243 2101 dedi,
1263 2059 1302 2091 et
1319 2065 1368 2091 ex

249 2110 356 2161 ipsis,
376 2122 600 2161 cognoscere
617 2109 790 2162 potuisti,
810 2109 879 2162 qui
905 2108 1086 2148 omnibus
1103 2109 1218 2146 rebus
1245 2107 1368 2146 consi-

249 2164 388 2215 liisque
401 2164 498 2203 meis
515 2165 783 2203 interfuerunt.
812 2162 1088 2210 Acciditmihi,
1105 2161 1210 2214 quod
1219 2160 1368 2200 homini

249 2218 425 2270 pudenti,
453 2226 492 2258 et
509 2219 649 2272 cupido
668 2218 921 2259 satisfaciendi
939 2191 1159 2270 reipublicae
1184 2215 1370 2268 bonisque
