1481 2422
204 77 284 114 240
375 75 459 114 AD
487 73 785 117 DIVERSOS.
816 75 917 115 Lm.
936 73 1064 116 vm.
1093 76 1156 116 15.

201 184 342 246 agere?
370 185 604 225 Persuasum
627 193 683 224 est
705 186 754 234 ei,
780 198 980 225 censuram
1011 184 1228 225 lomentum
1255 185 1323 226 'tuit

201 239 349 278 nitrum
368 253 458 280 esse.
494 240 636 279 Errare
659 239 758 278 mihi
776 240 950 279 videtur:
980 252 1074 278 nam
1093 240 1222 280 sordes
1240 241 1323 280 elu-

201 306 263 332 ere
278 295 382 341 vult3
411 308 526 333 venas
545 294 616 333 sibi
641 307 773 333 omnes
792 302 830 333 et
847 294 989 333 viscera
1013 294 1147 346 aperit.
1185 294 1322 344 Curre,

198 360 268 399 per
287 348 392 387 Deos
420 357 536 401 atque
554 349 756 388 homines!
788 356 826 387 et
844 361 964 400 quam
981 348 1154 401 primum
1171 348 1255 387 haec
1271 349 1324 388 ri-

199 415 288 441 sum
314 403 424 442 veni:
454 404 550 455 legis
576 403 780 443 Scantiniae
801 402 992 465 judicium
1017 402 1123 455 apud
1147 403 1325 442 Drusum

197 456 305 495 fieri:
346 457 528 509 Appium
559 457 607 496 de
639 457 782 496 tabulis
817 464 855 496 et
887 457 1006 508 signis
1037 469 1161 509 agere.
1201 457 1326 497 Crede

196 511 309 559 mihi,
330 519 386 550 est
403 511 702 573 properandum,

254 565 373 604 Curio
391 574 518 604 noster
537 566 725 617 sapienter
742 565 797 612 id,
825 565 930 618 quod
951 565 1098 605 remisit
1115 565 1162 604 de
1181 565 1325 618 stipen-

196 618 261 658 dio
280 620 472 672 Pompeii,
484 620 616 659 fecisse
635 620 886 658 existimatur.
916 620 986 658 Ad
997 632 1205 668 summam,
1218 634 1326 673 quae-

198 673 265 721 ris,
297 675 393 725 quid
421 682 556 726 putem
592 674 783 712 futurum.
825 674 867 713 Si
897 674 1078 713 alteruter
1109 687 1244 713 eorum
1273 674 1324 713 ad

199 728 427 766 Parthicum
458 729 607 767 bellum
638 741 716 766 non
747 736 822 777 eat,
855 728 965 766 video
989 741 1150 779 magnas
1171 728 1324 780 impen-

197 782 286 820 dere
305 782 522 831 discordias,
548 796 643 834 quas
668 782 814 821 ferrum
839 790 877 821 et
898 782 955 821 vis
975 782 1177 833 judicabit.
1207 783 1324 822 Uter-

197 849 274 887 que
294 837 424 876 animo
438 844 475 876 et
494 837 610 889 copiis
629 845 686 875 est
703 845 870 889 paratus.
907 836 950 876 Si
969 837 1050 875 sine
1067 844 1135 875 tuo
1153 837 1323 889 periculo

197 890 279 928 fieri
298 898 437 942 posset,
458 905 645 942 magnum
665 899 702 930 et
717 891 937 942 jucundum
956 891 1027 930 tibi
1044 891 1199 930 fortuna
1216 904 1323 944 spec-

200 945 372 984 taculum
391 948 562 998 parabat.
596 946 709 985 Vale.

384 1108 500 1162 (15.)
540 1109 762 1150 COELIUS
792 1109 1077 1149 CICERONI
1105 1111 1146 1151 S.

252 1217 579 1269 (Argumentum.
592 1242 647 1248 —
659 1219 893 1271 Pompeium
911 1218 1115 1271 vituperat,
1130 1218 1321 1258 Caesarem

195 1271 355 1310 laudat:
388 1274 550 1325 cupidus
578 1274 828 1313 conveniendi
856 1281 893 1312 et
920 1273 1141 1325 alloquendi
1169 1273 1320 1314 Cicero-

197 1325 284 1373 nis3
314 1326 362 1365 de
379 1328 514 1367 itinere
533 1328 583 1368 ad
600 1328 740 1380 Alpes,
762 1336 799 1366 et
819 1327 995 1367 Domitio
1014 1328 1201 1377 dimisso.)

249 1436 464 1488 Ecquando
496 1449 539 1475 tu
569 1437 767 1475 hominem
799 1436 1025 1489 ineptiorem
1054 1450 1174 1489 quam
1206 1443 1322 1476 tuum

196 1492 271 1532 Cn.
305 1491 538 1542 Pompeium
557 1491 698 1539 vidisti,
725 1491 793 1543 qui
821 1498 946 1530 tantas
967 1492 1100 1530 turbas
1126 1491 1212 1543 (qui
1239 1498 1321 1530 tam

194 1559 330 1598 nugax
366 1553 478 1592 esset)
517 1546 719 1584 commOrit
736 1548 753 1585 ἶ)
797 1545 974 1597 Ecquem
1007 1553 1136 1584 autem
1171 1545 1321 1584 Caesare

195 1609 324 1640 nostro
343 1600 524 1638 acriorem
549 1600 590 1638 in
610 1602 722 1639 rebus
741 1600 930 1651 gerendis,
952 1599 1085 1638 eodem
1103 1600 1145 1637 in
1163 1599 1320 1639 victoria

195 1653 519 1707 temperatiorem,
543 1662 611 1693 aut
631 1654 757 1706 legisti
788 1662 856 1692 aut
881 1654 1057 1693 audisti?
1097 1653 1207 1702 Quid
1229 1661 1285 1692 est
1299 1656 1317 1693 Ρ

194 1722 298 1748 nunc
318 1708 389 1747 tibi
407 1708 524 1746 nostri
552 1709 708 1756 milites,
729 1709 797 1760 qui
819 1708 1032 1747 durissimis
1058 1715 1096 1747 et
1121 1707 1320 1759 frigidissi-

193 1764 268 1802 mis
286 1763 392 1811 locis,
421 1761 613 1801 teterrima
637 1763 778 1812 hieme,
802 1763 950 1802 bellum
975 1762 1211 1801 ambulando
1229 1774 1320 1801 con-

192 1818 378 1865 fecerunt,
392 1817 503 1855 malis
518 1818 736 1856 orbiculatis
750 1830 829 1856 esse
841 1817 940 1869 pasti
946 1816 1159 1855 videantur.
1180 1816 1290 1865 Quid
1299 1818 1318 1856 ἓ

189 1873 290 1922 jam,
310 1871 466 1923 inquis3
496 1871 657 1922 gloriose
682 1871 836 1910 omnia!
869 1871 911 1910 Si
933 1870 1042 1919 scias,
1068 1883 1189 1922 quam
1214 1870 1320 1910 solli-

191 1926 289 1964 citus
309 1925 397 1972 sim,
418 1933 503 1963 tum
521 1926 620 1964 hanc
639 1939 767 1965 meam
793 1926 971 1978 gloriam,
992 1935 1080 1976 quae
1102 1925 1151 1963 ad
1170 1937 1235 1963 me
1259 1924 1320 1963 ni-

191 1979 249 2018 hil
281 1979 460 2032 pertinet,
486 1979 682 2019 derideas:
722 1994 811 2032 quae
833 1981 905 2018 tibi
929 1991 1133 2031 exponere,
1157 1978 1233 2017 nisi
1257 1991 1321 2018 co-

190 2046 290 2082 ram,
318 2046 395 2072 non
414 2046 597 2085 possum:
629 2034 746 2086 idque
764 2034 934 2073 celeriter
951 2033 1032 2072 fore
1058 2046 1179 2085 spero.
1210 2033 1320 2072 Nam

189 2100 268 2136 me,
290 2100 379 2126 cum
410 2087 618 2140 expulisset
640 2101 688 2127 ex
710 2088 823 2127 Italia
848 2087 1096 2149 Pompeium,
1123 2087 1321 2126 constituit

189 2141 239 2180 ad
258 2142 408 2181 Urbem
428 2155 583 2181 vocare:
614 2142 654 2180 id
674 2143 801 2195 quod
786 2156 870 2192 Jam
889 2141 1067 2180 existimo
1086 2141 1317 2191 confectum,

187 2195 263 2235 nisi
283 2195 314 2236 si
333 2195 473 2236 maluit
492 2196 701 2249 Pompeius
720 2195 921 2236 Brundisii
940 2194 1218 2236 circumsederi.
1306 2216 1309 2218 -
