1501 2407
171 103 223 140 46
374 104 456 142 AD
487 104 1090 146 DIVERSOS.L11³.11.14.

168 216 245 247 tuae
262 211 396 258 literae,
416 212 662 252 subdubitare
674 222 725 262 te,
745 227 825 265 qua
842 226 962 252 essem
980 225 1070 264 erga
1086 211 1200 250 illum
1219 223 1286 250 vo-

166 263 324 304 luntate.
355 265 492 313 Credo,
507 274 543 305 te
561 266 713 306 audisse
724 268 882 320 aliquid.
912 267 1072 306 Falsum
1086 273 1156 314 aet,
1170 264 1285 308 (mihi

165 317 290 366 crede)
310 320 343 358 si
361 320 455 372 quid
483 320 636 359 audisti.
678 321 811 361 Genus
835 321 1099 360 institutorum
1117 326 1155 358 et
1171 317 1286 356 ratio-

165 382 259 409 num
274 386 447 412 mearum
467 374 817 414 dissimilitudinem
829 375 1055 414 nonnullam
1068 374 1184 412 habet
1195 384 1287 411 cum

164 425 267 464 illius
286 427 610 467 administratione
637 430 851 480 provinciae.
894 429 960 467 Ex
983 441 1027 467 eo
1045 427 1205 480 quidam
1223 439 1288 464 su-

167 478 299 539 spicati
317 482 473 520 fortasse
492 490 594 528 sunt,
615 484 832 522 animorum
845 482 1098 527 contentione
1111 493 1188 520 non
1202 479 1287 531 opi-

165 533 325 572 nionum
339 536 582 584 dissensione,
591 550 654 575 1110
666 540 713 575 ab
726 551 769 576 eo
781 538 1002 588 discrepare.
1032 535 1146 573 Nihil
1157 541 1288 573 autem

166 586 237 624 feci
256 601 443 640 unquam,
464 603 589 642 neque
608 591 703 637 dixi,
734 592 839 643 quod
870 598 999 629 contra
1027 589 1132 627 1111113
1159 587 1289 627 existi-

167 641 376 681 mationem
395 657 473 682 esse
491 645 641 683 vellem.
672 645 766 683 Post
782 646 855 684 hoc
873 644 1071 695 negotium
1085 650 1229 690 autem,
1251 648 1289 680 et

169 697 420 735 temeritatem
447 698 564 736 nostri
583 698 810 749 Dolabellae,
831 699 1112 750 deprecatorem
1135 709 1200 735 me
1218 707 1289 748 pro

169 748 273 787 illius
292 751 460 802 periculo
478 754 640 803 praebeo.

224 804 348 842 Erat
337 818 377 843 111
397 805 530 844 eadem
551 807 710 857 epistola
728 813 906 845 veternus
927 805 1101 844 civitatis.
1132 803 1289 843 Gaude-

168 859 260 895 bam
279 871 383 905 sane,
411 868 448 897 et
480 861 622 910 congel
615 874 696 899 esse
724 868 898 899 nostrum
930 859 1099 897 amicum
1130 859 1290 896 131131131-

168 912 257 949 otio.
287 912 475 951 Extrema
496 915 647 964 pagella
663 915 831 966 pupugit
855 927 919 952 me
937 920 1005 951 tuo
1023 911 1287 964 chirographo.

172 964 280 1012 Quid
299 967 387 1005 ais?
409 967 599 1005 Caesarem
618 981 722 1006 nunc
740 967 909 1006 defendit
924 967 1067 1006 Curio!
1099 966 1200 1014 Quis
1216 965 1292 1004 hoc

169 1027 321 1078 putaret
350 1030 487 1071 praeter
513 1024 608 1060 me?
637 1035 743 1069 nam,
774 1022 829 1060 ita
857 1022 1000 1069 vivam,
1031 1020 1177 1072 putavi.
1218 1019 1290 1058 Dii

166 1073 205 1109 11
197 1075 429 1113 ..mmortales
420 1075 429 1098 '
472 1089 590 1136 quam
626 1089 696 1127 ego
728 1076 849 1114 risum
885 1083 1060 1114 nostrum
1091 1073 1287 1112 desidero!

168 1127 274 1164 Mihi
293 1136 371 1166 erat
390 1129 431 1166 in
449 1130 593 1178 animo,
623 1130 807 1182 quoniam
831 1129 1134 1180 jurisdictionem
1162 1127 1290 1167 confe-

167 1193 305 1228 ceram,
327 1182 494 1221 civitates
511 1184 802 1245 locupletatam,
816 1183 1031 1235 publicanis
1042 1182 1157 1221 etiam
1175 1194 1290 1234 supe-

165 1235 272 1273 rioris
290 1236 401 1274 lustri
419 1237 581 1298 reliqua,
602 1238 684 1276 sine
703 1238 893 1276 sociorum
907 1237 991 1275 ulla
1008 1236 1178 1288 querela„
1199 1247 1289 1274 oon-

166 1301 250 1327 sen
252 1302 373 1337 aram,
393 1291 565 1341 privatis,
585 1292 760 1339 summis,
788 1291 947 1338 infimis,
976 1290 1127 1328 fueram
1148 1291 1290 1351 jucun-

166 1342 252 1390 dus,
272 1344 485 1405 proficisci
475 1357 516 1382 111
535 1345 711 1384 Ciliciam
732 1345 856 1384 Nonis
875 1345 1002 1383 Maii:
1033 1351 1085 1391 01,
1105 1356 1194 1382 011111
1208 1343 1289 1395 pri-

166 1409 232 1434 ma
247 1397 376 1435 aestiva
394 1398 615 1449 attigissem,
628 1399 913 1451 militaremque
930 1411 1013 1437 rem
1031 1372 1287 1458 collocassem,

165 1450 343 1489 decedere
372 1465 420 1490 ex
450 1453 804 1492 senatus-consulto.
845 1453 971 1504 Cupio
988 1459 1028 1490 te
1057 1451 1208 1490 aedjlem
1232 1450 1291 1490 vi-

166 1503 281 1550 dere;
311 1505 485 1558 miroque
503 1506 687 1545 desiderio
711 1520 775 1545 me
795 1507 901 1547 Urbs
932 1505 1064 1556 afficit,
1090 1512 1128 1544 et
1155 1517 1289 1545 omnes

168 1559 261 1608 mei,
281 1566 403 1611 tuque
420 1560 462 1598 in
480 1561 627 1613 primis.
683 1561 796 1600 Vale.

169 1725 283 1774 (14.)
338 1724 400 1764 Μ.
430 1723 480 1763 Τ.
520 1723 567 1764 C.
595 1723 716 1763 IMP.
755 1725 817 1763 M.
856 1723 1062 1771 COELIO,
1104 1722 1291 1764 AEDILI

533 1777 771 1825 CURULI,
803 1780 842 1818 S.
866 1780 922 1819 D.

231 1887 556 1937 (Argumentum.
569 1908 623 1918 —
638 1887 700 1926 M.
731 1887 899 1926 Fabium
929 1886 1173 1926 commendat
1201 1884 1289 1925 dili-

169 1949 326 1992 genter:
357 1941 405 1980 de
423 1942 580 1980 urbanis
598 1944 711 1981 rebus
725 1942 853 1981 literas
871 1948 1095 1993 exspectat.)

222 2048 359 2087 Marco
382 2049 518 2097 Fabio,
538 2050 618 2089 viro
636 2050 797 2102 optimo,
823 2059 862 2089 et
877 2049 1035 2088 homine
1056 2048 1286 2096 doctissimo,

166 2102 463 2142 familiarissime
494 2110 606 2150 utor;
637 2104 872 2156 mirificeque
903 2116 995 2142 eum
1027 2102 1160 2154 diligo,
1198 2115 1287 2141 cum

164 2165 319 2216 propter
338 2170 537 2196 summum
556 2157 756 2209 ingenium
784 2159 881 2208 ejus,
909 2169 1182 2208 summamque
1199 2155 1288 2194 doc-

170 2210 329 2258 trinam,
362 2218 448 2250 tum
477 2219 631 2264 propter
661 2212 896 2264 singularem
921 2210 1160 2250 modestiam.
1195 2210 1296 2261 Ejus
