1501 2407
221 115 274 152 53
432 115 516 153 AD
536 115 835 155 DIVERSOS.
866 115 968 155 LIB·
987 114 1065 154 ΙΙΙ.
1085 116 1124 153 3.

215 236 281 261 am
304 223 488 274 proficisci
513 237 663 263 necesse
681 231 802 270 esset3
831 224 874 262 in
892 224 1026 263 multis
1054 231 1092 262 et
1121 222 1235 262 variis
1252 233 1338 261 mo-

213 277 331 316 lestiis
368 278 736 330 cogitationibusque
771 279 882 326 meis,
915 278 997 317 haec
1021 290 1102 316 una
1129 276 1336 316 consolatio

214 334 448 381 occurrebat,
465 332 569 384 quod
588 345 712 384 neque
723 332 794 370 tibi
813 332 985 382 amicior,
1005 344 1125 383 quam
1143 343 1215 382 ego
1233 343 1342 380 sum,

213 400 250 446 qs
246 386 421 446 usquam
446 395 571 447 posset
590 387 812 432 succedere3
842 399 968 438 neque
986 399 1056 437 ego
1074 387 1123 424 ab
1148 385 1230 423 ullo
1250 397 1340 445 pro-

215 453 234 477 1
239 440 379 478 inciam
397 441 578 492 accipere,
596 441 663 492 qui
674 441 810 479 mallet
827 454 912 479 eam
924 440 1022 478 mihi
1033 453 1153 492 quam
1166 438 1338 477 maxime

212 502 344 545 aptam
374 495 681 546 explicatamque
711 494 869 533 tradere.
913 494 1031 543 Quod
1056 494 1089 532 si
1113 501 1156 531 tu
1182 505 1339 545 quoque

213 561 267 585 ca
261 548 388 586 ndem
409 549 455 587 de
474 550 561 587 mea
580 550 775 587 voluntate
794 562 884 600 erga
901 556 939 587 te
957 561 1066 609 spem
1083 548 1217 596 habes,
1237 560 1282 585 ea
1299 553 1338 585 te

212 602 381 653 profecto
408 615 611 668 nunquam
636 603 755 641 fallet.
799 605 839 641 A
857 612 895 642 te
912 602 1085 640 maximo
1103 614 1232 653 opere,
1262 612 1334 652 pro

212 657 342 694 nostra
367 670 519 695 summa
545 657 811 706 conjunctione
829 657 973 708 tuaque
992 656 1178 707 singulari
1194 655 1335 693 huma-

211 710 343 757 nitate,
365 712 480 749 etiam
499 720 615 763 atque
633 711 749 749 etiam
769 724 898 762 quaeso
917 719 954 749 et
972 718 1074 761 peto,
1094 718 1153 759 ut,
1173 710 1335 761 quibus-

210 777 378 815 cumque
397 767 510 804 rebus
529 766 683 817 poteris,
704 765 862 816 (poteris
883 773 1015 803 autem
1033 764 1227 815 plurimis)
1245 775 1336 815 pro-

210 818 346 870 spicias
367 827 403 857 et
421 820 596 858 consulas
613 819 825 857 rationibus
844 819 952 857 meis.
996 818 1132 867 Vides,
1152 831 1201 856 ex
1225 829 1338 856 sena-

212 873 466 911 tus-consulto
502 873 738 924 provinciam
778 886 858 911 esse
883 872 1112 911 habendam
1127 886 1138 910 z
1180 871 1214 910 si
1249 883 1337 910 oem

212 927 357 978 (quoad
390 929 474 976 ejus
509 927 634 966 facere
666 927 823 978 poteris)
855 940 976 978 quam
1011 925 1339 978 expeditissimam

211 981 308 1019 mihi
327 981 538 1027 tradideris,
559 981 706 1020 facilior
730 981 801 1019 erit
818 981 918 1019 mihi
936 980 1047 1033 quasi
1063 980 1244 1019 decursus
1261 978 1339 1017 mei

212 1035 405 1087 temporis.
437 1035 546 1083 Quid
564 1036 605 1074 111
625 1049 668 1074 eo
686 1048 824 1086 genere
847 1035 992 1074 efficere
1009 1034 1147 1087 POSSiS,
1166 1034 1225 1072 tui
1243 1045 1335 1072 con-

211 1089 285 1128 silii
305 1098 374 1129 est.
403 1089 491 1141 Ego
507 1097 557 1137 te,
575 1089 680 1142 quod
694 1089 764 1128 tibi
782 1091 909 1128 veniet
926 1090 968 1127 in
986 1097 1157 1128 mentem
1173 1087 1261 1128 mea
1277 1087 1338 1127 in-

212 1154 361 1191 teresse,
381 1145 491 1182 valde
509 1158 613 1195 rogo.
644 1144 829 1182 Pluribus
848 1144 972 1183 verbis
991 1143 1042 1182 ad
1060 1151 1098 1182 te
1116 1142 1335 1190 scriberem,

210 1199 242 1237 si
260 1206 327 1236 aut
347 1206 414 1236 tua
439 1198 659 1237 humanitas
677 1198 889 1249 longiorem
913 1198 1124 1236 orationem
1142 1203 1336 1248 exspecta-

209 1260 292 1297 ret3
323 1260 392 1290 aut
416 1253 456 1290 id
482 1252 564 1291 fieri
593 1259 723 1290 nostra
744 1252 911 1291 amicitia
934 1259 1155 1305 pateretu13
1185 1257 1253 1288 aut
1274 1263 1335 1288 res

210 1308 325 1345 verba
361 1306 603 1354 desideraret,
635 1319 678 1344 ac
703 1319 781 1344 non
802 1320 873 1358 pro
903 1319 943 1345 se
978 1307 1063 1358 ipsa
1098 1305 1332 1357 loqueretur.

209 1361 297 1399 Hoc
317 1361 433 1399 velim
452 1360 522 1398 tibi
540 1360 780 1412 persuadeas,
801 1361 833 1398 si
850 1361 1062 1399 rationibus
1088 1360 1186 1398 meis
1204 1358 1334 1410 provi-

208 1427 296 1453 sum
312 1428 390 1453 esse
401 1415 637 1461 intellexero,
658 1427 842 1465 magnam
856 1422 894 1452 te
906 1429 954 1454 ex
967 1427 1025 1464 eo,
1038 1421 1077 1453 et
1089 1420 1332 1466 perpetuam,

206 1469 447 1521 voluptatem
465 1482 544 1508 esse
563 1476 779 1521 capturum.
809 1469 921 1508 Vale.

277 1626 366 1674 (3.)
396 1625 456 1664 M.
480 1625 528 1664 T.
551 1625 600 1666 c.
629 1626 801 1666 APPIO
830 1627 1113 1670 PULCHRO
1142 1629 1183 1668 s,
1204 1627 1261 1667 D.

279 1734 549 1784 (Argumenta
555 1748 604 1773 m.
618 1735 887 1787 —Significat
924 1750 963 1775 se
997 1737 1124 1789 Appii
1158 1737 1331 1788 legatum

209 1788 408 1826 Brundisii
452 1789 655 1838 invenisse,
693 1803 809 1828 suum
846 1798 1078 1842 exspectare,
1117 1804 1206 1830 cum
1253 1804 1332 1843 quo

207 1842 382 1902 proxime
400 1843 648 1894 navigaturus
669 1843 728 1881 sit.
758 1845 889 1895 Rogat
906 1846 1062 1893 interea,
1084 1859 1173 1884 cum
1199 1845 1331 1897 Sulpi-

205 1896 287 1934 cius
306 1909 395 1934 cons
398 1898 452 1946 ul,
483 1906 614 1936 contra
639 1901 790 1936 senatus
809 1900 1061 1945 voluntatem,
1081 1900 1329 1951 impediisset⁹

208 1963 256 1988 ue
275 1926 545 2002 supplenienta
568 1952 847 1998 scriberentur,
877 1960 922 1991 ut
939 1954 1097 2005 Appius
1125 1954 1198 1992 sibi
1224 1967 1330 1993 com-

207 2004 351 2053 modet,
371 2017 442 2044 nec
459 2005 613 2055 milites,
633 2018 728 2058 quos
746 2005 899 2056 habeat,
920 2006 1122 2056 dimittat.)

277 2112 331 2150 A.
352 2113 390 2151 d.
411 2113 477 2152 XI
496 2113 685 2153 Calendas
703 2114 733 2152 J
735 2127 845 2154 umas
873 2115 1129 2154 Brundisium
1157 2129 1247 2155 cum
1266 2129 1330 2155 ve·

205 2166 362 2214 nissem,
387 2168 439 2216 Q.
460 2168 620 2216 Fabius,
639 2168 789 2219 legatus
816 2176 920 2217 tuus,
949 2170 1046 2210 mihi
1072 2177 1211 2222 praesto
1227 2170 1328 2217 fuit;

205 2233 326 2273 eaque
343 2233 406 2260 me
431 2235 479 2262 ex
498 2223 574 2261 tuis
593 2222 783 2261 mandatis
801 2223 966 2273 monuit,
1000 2237 1088 2276 quae
1114 2237 1193 2264 non
1215 2223 1332 2264 modo
