1501 2407
167 76 243 115 116
384 74 468 113 AD
497 73 797 115 DIVERSOS.
828 73 930 113 LIB·
957 74 1010 114 V.
1040 76 1079 113 2.

156 185 403 225 deliberatius
420 183 511 233 fuit,
531 196 651 237 quam
670 196 749 233 me,
771 183 1021 237 quacumque
1040 183 1187 223 ratione
1205 197 1293 236 pos-

155 250 226 290 set,
254 253 332 279 non
358 239 504 290 judicio
530 252 657 291 neque
689 238 978 292 disceptatione,
1010 238 1076 278 sed
1108 239 1147 277 vi
1175 246 1294 291 atque

153 295 416 348 impressione,
446 301 624 333 evertere.
662 293 797 344 Hujus
823 306 894 345 ego
921 293 1127 332 temeritati
1154 293 1188 331 si
1214 293 1292 332 vir-

155 357 238 389 tute
266 357 383 403 atque
411 349 542 388 animo
569 361 647 388 non
675 349 923 394 restitissem;
962 348 1051 400 quis
1078 355 1191 397 esset,
1220 348 1290 400 qui

154 417 218 443 me
235 404 276 442 in
296 404 497 444 consulatu
519 416 598 442 non
623 417 714 443 casu
742 403 872 456 potius
898 402 1150 476 existimaret,
1170 415 1290 455 quam

159 459 332 508 consilio,
352 459 491 498 fortem
509 458 660 498 fuisse?

211 514 310 552 Haec
329 514 363 552 si
377 521 420 552 tu
434 513 645 552 Metellum
664 512 829 564 cogitare
840 512 889 552 de
906 526 971 552 me
984 511 1154 560 nescisti,
1175 511 1290 551 debes

156 568 390 614 existimare,
417 576 455 607 te
479 568 662 606 maximis
687 567 735 606 de
759 569 874 606 rebus
900 581 924 606 a
950 567 1068 606 fratre
1093 579 1174 606 ωδε
1192 567 1292 606 cela·

155 631 268 662 tum:
299 624 359 662 sin
378 631 510 662 autem
536 622 684 675 aliquid
708 621 921 674 impertivit
942 622 1014 661 tibi
1037 621 1096 660 sui
1115 621 1289 668 consilii;

155 678 254 716 lenis
273 691 297 716 a
315 685 352 716 te
378 685 414 716 et
433 677 554 716 facilis
573 677 783 715 existimari
801 676 936 725 debeo,
956 676 1025 728 qui
1043 676 1142 714 nihil
1160 683 1290 716 tecum

152 732 202 771 de
219 732 310 771 his
299 732 392 784 ipsis
417 733 531 770 rebus
561 731 816 783 expostulem.
845 730 916 779 Et,
943 731 975 769 si
992 730 1190 793 intelligis,
1210 743 1288 770 non

151 799 216 825 me
235 787 336 826 dicto
356 786 511 825 Metelli
537 789 599 826 (ut
624 785 788 848 scribis),
809 785 876 824 sed
902 785 1059 825 consilio
1085 786 1185 835 ejus,
1206 785 1291 824 ani-

152 854 297 894 moque
334 841 376 879 in
410 853 474 879 me
499 839 781 889 inimicissimo,
819 853 900 878 esse
927 846 1190 883 commotum·
1229 853 1292 879 co-

151 908 292 947 gnosce
319 908 424 934 nunc
444 895 729 934 humanitatem
755 907 911 941 meam,
941 894 1209 933 sihumanitas
1221 908 1290 947 ap-

152 950 335 1002 pellanda
354 957 410 989 est
427 950 469 988 in
489 948 762 988 acerbissima
751 948 897 1000 mjuria
914 949 1086 988 remissio
1105 949 1226 988 animi
1244 963 1289 989 ae

151 1003 363 1044 dissolutio.
406 1005 533 1043 Nulla
561 1012 618 1043 est
642 1017 666 1043 a
690 1018 755 1043 me
776 1017 953 1056 unquam
976 1003 1163 1043 sententia
1187 1003 1290 1044 dicta

148 1058 190 1097 in
210 1059 367 1098 fratrem
387 1067 526 1098 tuum:
558 1059 876 1112 quotiescumque
895 1059 1043 1112 aliquid
1062 1066 1118 1097 est
1139 1066 1286 1107 actum,

149 1113 285 1153 sedens
317 1114 364 1153 iis
394 1115 551 1161 assensi,
584 1113 653 1166 qui
685 1113 785 1152 mihi
812 1114 1008 1153 lenissime
1040 1114 1181 1153 sentire
1213 1113 1286 1153 visi

150 1177 254 1208 sunt.
283 1168 445 1208 Addam
474 1177 512 1208 et
539 1168 639 1207 illud
667 1168 800 1217 etiam,
821 1168 926 1221 quod
951 1170 1035 1219 jam
1061 1181 1133 1221 ego
1151 1181 1285 1208 curare

149 1235 227 1262 non
256 1223 387 1272 debui,
409 1223 475 1263 sed
500 1232 631 1262 tamen
658 1223 742 1262 fieri
767 1235 845 1262 non
873 1223 1034 1263 moleste
1060 1223 1148 1272 tuli,
1167 1229 1286 1276 atque

148 1278 281 1327 etiam,
301 1286 346 1316 ut
367 1278 422 1317 ita
449 1278 569 1326 fieret,
589 1291 660 1330 pro
684 1291 773 1316 mm
797 1285 906 1330 parte
927 1278 1074 1329 adjuvi,
1102 1285 1146 1316 ut
1174 1290 1284 1317 sena-

148 1333 403 1372 tus-consulto
432 1345 544 1372 meus
570 1333 764 1381 inimicus,
804 1333 898 1386 quia
923 1340 1015 1372 tuus
1041 1332 1160 1372 frater
1186 1340 1283 1379 erat,

146 1388 424 1426 sublevaretur.
472 1387 607 1436 Quare
642 1399 721 1426 non
758 1401 829 1440 ego
866 1387 1089 1440 oppugnavi
1123 1386 1283 1426 fratrem

146 1450 276 1490 tuum,
301 1442 369 1481 sed
393 1442 503 1481 fratri
528 1450 597 1481 tuo
619 1442 856 1495 repugnavi.
886 1455 958 1481 nec
982 1442 1024 1481 in
1049 1450 1088 1481 te
1114 1445 1176 1486 (ιιι
1192 1442 1283 1481 scri-

148 1496 224 1544 bis)
244 1497 375 1536 animo
393 1497 452 1535 fui
469 1496 621 1546 mobili,
642 1497 708 1536 sed
726 1497 781 1535 ita
799 1497 942 1544 stabili,
961 1505 1006 1535 ut
1022 1497 1065 1535 in
1083 1496 1174 1535 mea
1192 1509 1283 1548 erga

145 1554 183 1590 te
202 1552 414 1601 voluntate,
437 1552 554 1591 etiam
576 1550 748 1592 desertus
777 1554 826 1591 ab
850 1551 983 1592 officiis
1005 1552 1100 1601 tuis,
1128 1564 1281 1605 perma-

148 1617 293 1645 nerem.

199 1661 336 1713 Atque
358 1661 468 1701 hoc
457 1675 542 1714 ipso
565 1669 737 1714 tempore
761 1661 846 1710 tibi,
866 1674 977 1715 paene
994 1661 1192 1700 minitanti
1211 1673 1280 1700 no-

143 1714 203 1753 bis
222 1729 290 1767 per
313 1716 459 1765 literas,
484 1716 558 1755 hoc
584 1716 748 1756 rescribo
776 1725 894 1770 atque
923 1716 1159 1769 respondeo.
1190 1715 1280 1768 Ego

143 1769 268 1809 dolori
301 1778 368 1810 tuo
396 1783 475 1810 non
503 1771 667 1810 solum
655 1784 825 1834 ignosco,
846 1771 912 1810 sed
936 1783 1134 1810 summam
1161 1771 1280 1810 etiam

144 1824 302 1863 laudem
329 1825 470 1865 tribuo.
510 1825 630 1864 Meus
658 1826 763 1864 enim
790 1839 855 1866 me
883 1838 1029 1875 sensus,
1051 1833 1198 1879 quanta
1222 1825 1280 1864 vis

144 1878 303 1918 fraterni
322 1880 371 1918 sit
389 1879 544 1926 amoris,
564 1879 758 1920 admonet.
796 1881 838 1920 A
857 1888 895 1920 te
919 1889 1023 1934 peto,
1050 1887 1095 1919 ut
1118 1888 1162 1920 tu
1182 1893 1280 1933 quo-

144 1947 223 1986 que
241 1947 399 1987 aequum
418 1942 457 1973 te
471 1934 643 1985 judicem
662 1935 784 1974 dolori
803 1948 891 1975 meo
908 1937 1106 1989 praebeas·
1126 1935 1158 1974 si
1177 1947 1281 1974 acer-

145 1990 210 2037 be,
231 1988 264 2027 si
281 1989 501 2038 crudeliter,
522 1990 555 2028 si
574 1989 664 2029 ‚sine
688 2003 800 2030 causa
827 2003 914 2029 sum
938 2004 962 2029 a
986 1990 1063 2028 tuis
1077 2002 1282 2042 oppugna-

145 2052 224 2092 tus,
243 2052 289 2082 ut
308 2051 466 2093 statuas,
485 2044 585 2083 mihi
612 2056 690 2084 non
715 2045 832 2084 modo
854 2057 932 2083 non
959 2044 1188 2094 cedendum,
1213 2043 1280 2083 sed

143 2097 263 2136 etiam
294 2106 361 2138 tuo
387 2107 504 2152 atque
526 2099 714 2139 exercitus
746 2100 804 2138 tui
829 2099 990 2148 auxilio,
1019 2099 1061 2138 in
1087 2098 1278 2150 ejusmodi

141 2153 274 2201 causa,
294 2153 484 2194 utendum
501 2153 633 2193 fuisse.
661 2154 751 2208 Ego
769 2162 808 2194 te
825 2154 924 2193 mihi
937 2167 1090 2207 semper
1107 2153 1278 2193 amicum

141 2218 225 2248 esse
243 2207 376 2249 volui.
407 2221 472 2248 me
489 2216 534 2248 ut
553 2208 623 2249 tibi
640 2209 918 2250 amicissimum
934 2223 1016 2250 ase
1033 2208 1278 2261 intelligeres,
