1501 2407
260 128 316 166 80
442 126 526 165 AD
556 126 855 168 DIVERSOS.
887 127 989 167 Lm.
1019 127 1103 166 ΙΙΙ.
1139 125 1201 164 11.

256 235 365 288 ips'a3
396 235 511 279 (nihil
540 235 644 274 enim
668 236 744 275 fuit
768 232 937 282 clariusg
964 248 1043 275 non
1073 246 1152 288 quo
1173 232 1381 287 quisquam

256 290 366 329 aliter
394 290 592 342 putassem
622 291 687 329 sed
716 291 814 329 nihil
837 291 885 330 de
913 290 1129 342 insigm’bus
1153 288 1202 327 ad
1224 287 1380 327 laudem

257 344 347 382 viris
365 345 524 382 obscure
538 345 708 383 nuntiari
722 345 831 393 solet)
851 353 981 384 tamen
1001 343 1134 384 eadem
1151 342 1220 381 illa
1235 342 1382 381 laetiora

256 398 428 437 fecerunt
445 398 544 436 mihi
563 405 639 436 tuae
657 399 798 445 literae;
820 411 898 438 non
913 398 1040 437 solum
1054 397 1147 450 quia
1159 396 1313 449 planius
1323 396 1383 435 lo·

256 454 475 505 quebantur
490 461 528 491 et
545 453 715 499 uberius,
737 466 856 505 quam
875 453 984 500 vulgi
1002 465 1142 500 sermo,
1163 450 1230 490 sed
1248 450 1379 499 etiam,

256 506 349 558 quia
367 507 490 558 magis
502 507 658 545 videbar
677 507 748 545 tibi
766 507 966 559 gratulari,
982 519 1074 546 cum
1087 506 1135 545 de
1149 513 1186 544 te
1198 517 1247 543 ex
1260 504 1382 557 teipso

258 561 477 599 audiebam.

311 615 549 666 Complexus
575 615 694 666 igitur
722 627 808 652 sum
840 615 1066 667 cogitatione
1088 621 1126 652 te
1155 614 1351 652 absentem
1368 627 1381 652 ε

256 668 458 721 epistolam
477 682 564 707 vero
583 669 789 716 osculatus,
811 669 928 707 etiam
947 669 1029 721 ipse
1051 668 1149 706 mihi
1166 667 1383 719 gratulatus

255 736 354 762 sum.
385 723 487 771 Quae
502 723 605 762 enim
621 736 643 761 a
663 731 799 760 cuncto
816 724 977 775 popuIO,
998 737 1022 762 a
1040 730 1188 768 senatu,
1204 734 1227 759 a
1241 720 1384 771 judici-

253 778 341 825 bus,
375 777 544 828 ingenio,
577 776 790 823 industriae,
818 777 964 825 virtuti,
998 777 1236 823 tribuuntur,
1268 775 1385 828 (mihi

254 830 337 883 ipse
356 840 525 870 assentor
545 831 715 877 fortasse,
736 844 826 869 cum
847 845 891 870 ea
904 844 984 869 esse
1001 831 1042 869 in
1061 843 1124 868 me
1142 828 1264 881 fingo)
1284 829 1383 868 mihi

254 898 409 937 quoque
427 886 501 937 ipsi
519 885 636 923 tribui
654 893 761 936 puto.
792 885 834 923 N
836 898 877 924 ec
895 892 976 923 tam
1000 885 1211 936 gloriosum
1231 883 1381 922 exitum

254 939 311 977 tui
323 939 458 989 judicii
475 938 675 987 exstitisse,
690 938 755 977 sed
770 946 850 977 tam
862 952 1023 992 pravam
1034 939 1281 978 inimicorum
1292 945 1379 977 tuo-

255 1006 346 1031 rum
366 1001 537 1032 mentem
557 993 686 1040 fuisse,
710 994 891 1032 mirabar.

309 1047 371 1085 De
389 1048 540 1086 ambitu
559 1060 662 1096 vero,
683 1047 777 1098 quid
789 1048 958 1096 interest,
977 1046 1143 1100 inquies,
1163 1059 1212 1085 an
1233 1045 1281 1085 de
1295 1059 1382 1086 ma-

250 1102 414 1151 jestate?
443 1101 512 1139 Ad
531 1114 612 1140 rem
631 1102 741 1139 nihil.
771 1102 957 1141 Alterum
971 1102 1075 1140 enim
1093 1113 1171 1140 non
1190 1100 1351 1152 attigisti
1365 1116 1377 1140 =

252 1156 412 1193 alteram
428 1155 582 1194 auxisti.
613 1155 896 1194 Verumtamen
915 1164 971 1196 est
984 1157 1179 1205 majestas,
1195 1155 1258 1208 (ut
1270 1155 1380 1194 Sulla

253 1208 394 1258 voluit)
432 1222 481 1248 ne
513 1210 553 1247 in
583 1210 757 1262 quemvis
794 1210 955 1262 impune
996 1210 1209 1248 declamare
1237 1208 1378 1248 liceret.

254 1263 443 1302 Ambitus
463 1277 551 1302 vero
569 1264 623 1302 ita
641 1271 812 1316 apertam
832 1265 912 1302 vim
929 1265 1060 1312 habet,
1081 1271 1126 1302 ut
1144 1271 1213 1301 aut
1230 1276 1382 1302 accuse-

254 1325 318 1355 tur
342 1317 530 1369 improbe,
562 1327 630 1356 aut
654 1318 892 1357 defendatur.
922 1318 1006 1367 Qui
1040 1318 1143 1356 enim
1169 1317 1284 1366 facta,
1314 1325 1383 1356 aut

254 1383 331 1409 non
351 1371 464 1420 facta,
494 1372 647 1424 largitio
671 1372 838 1424 ignorari
866 1375 1025 1424 potest?
1051 1371 1230 1410 Tuorum
1250 1378 1380 1410 autem

253 1424 445 1464 honorum
475 1439 624 1475 cursuS,
659 1427 721 1465 cui
751 1434 947 1478 suspectus
973 1438 1149 1478 unquam
1173 1425 1249 1464 fuit
1261 1428 1279 1465 ‚⁹
1309 1424 1382 1464 Me

252 1479 453 1528 miserum,
474 1481 543 1532 qui
561 1493 639 1519 non
658 1480 834 1519 affuerim
850 1481 860 1518 ἔ
892 1494 989 1533 quos
1009 1493 1079 1532 ego
1100 1480 1200 1518 risus
1219 1479 1382 1519 excitas-

253 1546 333 1571 sem
350 1534 360 1571 2
393 1534 468 1573 Sed
488 1534 535 1572 de
553 1535 762 1584 majestatis
778 1535 924 1585 judicio
943 1534 1021 1574 duo
1038 1534 1137 1573 mihi
1154 1534 1222 1572 illa
1235 1547 1283 1572 ex
1304 1534 1381 1573 tuis

251 1587 370 1626 literis
386 1589 667 1637 jucundissima
685 1589 869 1635 fuerunt;
900 1601 1040 1637 unum,
1054 1588 1159 1640 quod
1173 1595 1210 1627 te
1227 1589 1276 1627 ab
1294 1588 1381 1641 ipsa

253 1642 450 1693 republica
478 1643 679 1681 defensum
703 1643 854 1682 scribis:
885 1657 973 1696 quae
1000 1643 1173 1696 quidem,
1201 1642 1316 1681 etiam
1338 1643 1380 1681 in

233 1744 235 1746 ι
253 1696 408 1734 summa
427 1698 617 1735 bonorum
637 1705 674 1736 et
692 1697 851 1736 fortium
870 1698 1013 1736 civium
1032 1697 1155 1748 copia,
1171 1696 1271 1735 tueri
1284 1696 1379 1736 taloe

253 1748 353 1787 viros
372 1749 552 1796 deberet;
583 1763 686 1789 nunc
705 1765 795 1790 vero
814 1765 857 1790 eo
886 1752 1025 1803 magis,
1059 1750 1164 1803 quod
1187 1757 1294 1789 tanta
1312 1764 1380 1803 pe-

251 1803 365 1841 nuria
384 1812 440 1842 est
458 1804 498 1842 in
518 1805 624 1842 omni
643 1806 704 1843 vel
717 1806 872 1844 honoris
885 1806 945 1844 vel
957 1805 1077 1844 aetatis
1089 1804 1226 1856 gradu,
1241 1812 1286 1842 ut
1298 1812 1379 1844 tam

250 1858 345 1896 orba
363 1858 495 1897 civitas
508 1859 602 1896 tales
623 1867 765 1897 tutores
785 1859 988 1912 complecti
1005 1859 1165 1898 debeat:
1196 1859 1377 1907 alterum,

251 1910 358 1962 quod
378 1912 554 1964 Pompeii
574 1920 610 1951 et
628 1913 743 1951 Bruti
767 1914 885 1952 fidem
903 1913 1286 1964 benevolentiamque
1303 1913 1379 1951 mi-

250 1963 354 2003 rifice
380 1966 527 2004 laudas.
557 1966 688 2005 Laetor
713 1967 853 2006 virtute
880 1975 918 2007 et
945 1967 1082 2015 officio,
1110 1979 1200 2006 cum
1221 1974 1379 2006 tuorum

248 2019 560 2068 necessariorum,
573 2033 749 2059 meorum
762 2021 1097 2068 amicissimorum,
1109 2028 1194 2059 tum
1207 2021 1376 2069 alterius,

247 2073 427 2112 omnium
458 2075 686 2113 saeculorum
702 2082 754 2113 'et
785 2076 960 2127 gentium
985 2075 1183 2128 principiS,
1204 2074 1376 2122 alterius,

242 2127 478 2180 jampridem
504 2128 732 2179 juventutis,
761 2130 930 2169 celeriter
958 2132 1023 2182 (ut
1045 2128 1172 2182 spero)
1200 2128 1376 2168 civitatis.

248 2180 312 2219 De
340 2182 581 2224 mercenariis
607 2183 766 2223 testibus
784 2197 808 2223 a
827 2184 905 2223 suis
930 2184 1150 2224 civitatibus
1179 2182 1370 2231 notandis,
