1501 2407
280 115 364 156 AD
390 114 685 156 DIVERSOS.
714 115 812 155 Lm.
842 116 917 155 IV.
946 119 982 155 2.
1134 117 1185 159 87

187 224 268 271 (2.)
295 222 358 262 Μ.
377 223 427 262 Τ.
448 224 494 262 C.
522 223 641 263 SER.
670 222 936 263 SULPICIO
963 224 1002 262 S.
1024 222 1077 261 D.

134 330 452 381 (Argumentum.
464 356 520 366 --
530 330 727 379 Quaerenti
742 330 925 382 Sulpicio,
941 330 1034 382 quid
1047 329 1187 369 facien-

79 383 173 422 dum
188 385 249 433 sit,
266 385 465 437 respondet
475 398 564 424 cum
578 384 691 423 laude
706 386 800 434 ejus,
817 384 848 422 si
866 392 966 423 recta
980 384 1185 436 sequenda,

78 445 219 476 certam
257 439 442 477 rationem
473 451 576 484 esse;
616 451 692 476 non
728 439 834 487 item,
873 438 904 476 si
936 438 1058 485 utilia,
1097 438 1188 489 quia

79 490 238 530 Caesaris
270 505 382 531 causa
418 492 575 540 firmior,
623 492 814 530 honestior
847 491 1033 543 Pompeii.
1081 491 1188 529 Lon-

76 544 164 595 gius
190 558 278 596 ergo
295 546 564 584 discedendum
589 547 636 584 ab
664 546 783 594 Urbe,
804 545 842 582 in
868 545 946 596 qua
972 558 1058 596 quae
1076 545 1185 592 fiant,

77 604 188 649 turpe
212 600 260 637 sit
281 601 463 650 probare;
493 612 570 637 non
595 601 767 651 probare,
795 599 1075 649 periculosum:
1106 599 1185 646 sed,

77 663 155 702 quo
179 653 363 700 eundum,
400 653 592 691 difficilem
624 666 703 691 esse
732 652 1051 691 deliberationem.
1094 652 1187 699 Qua

77 704 126 743 de
154 717 194 743 re
223 707 256 745 si
279 707 445 759 colloqui
469 707 573 754 velit,
605 719 723 758 quam
750 707 935 758 primum,
963 713 1085 756 rogat,
1119 705 1187 743 ad-

76 759 234 808 veniat.)

127 865 235 905 Ante
254 867 356 906 diem
377 867 448 906 III
472 868 554 906 Cal.
576 868 703 906 Maias
728 880 815 906 cum
835 879 954 906 essem
973 867 1013 904 in
1042 866 1186 905 Cuma·

76 931 140 965 no,
161 921 286 973 accepi
305 929 389 960 tuas
419 922 568 960 literas:
600 922 739 972 quibus
760 922 878 969 lectis,
911 920 1083 971 cognovi,
1108 932 1185 959 non

75 973 166 1012 satis
195 975 400 1025 prudenter
427 975 555 1014 fecisse
585 975 864 1020 Philotimum3
895 975 976 1025 qui,
1003 987 1091 1012 cum
1117 976 1185 1013 abs

75 1034 113 1065 te
143 1028 322 1066 mandata
346 1029 500 1067 haberet
528 1032 588 1073 (ut
617 1027 763 1078 scribis)
790 1028 836 1066 de
857 1028 1035 1066 omnibus
1057 1028 1184 1076 rebus,

75 1080 156 1132 ipse
175 1082 223 1119 ad
241 1095 303 1120 me
321 1094 398 1120 non
417 1083 593 1130 venisset,
616 1082 744 1120 literas
764 1090 848 1119 tuas
867 1081 1057 1126 misisset,
1046 1094 1056 1104 ·
1088 1094 1185 1132 quas

75 1133 248 1173 intellexi
266 1136 450 1174 breviores
468 1137 597 1182 fuisse,
617 1136 719 1187 qucd
749 1149 838 1173 eum
856 1136 1091 1186 perlaturum
1111 1147 1185 1185 pu-

76 1187 205 1226 tasses.
235 1189 309 1227 Sed
328 1198 470 1236 tamen,
484 1198 686 1240 postquam
705 1189 831 1226 literas
845 1196 929 1226 tuas
940 1188 1030 1236 legi,
1047 1188 1185 1226 Postu-

44 1287 45 1290 *
76 1241 155 1279 mia
173 1249 239 1280 tua
256 1255 319 1280 me
337 1244 523 1291 convenit,
540 1251 576 1281 et
595 1243 747 1280 Servius
765 1250 901 1280 noster.
932 1242 1007 1279 His
1026 1242 1183 1292 placuit,

76 1301 121 1332 ut
152 1302 194 1333 tu
222 1296 263 1333 in
289 1296 510 1334 Cumanum
539 1295 708 1334 venires.
739 1295 842 1347 quod
867 1295 995 1343 etiam,
1016 1307 1182 1343 mecum,

76 1355 120 1386 ut
137 1348 186 1386 ad
204 1353 241 1387 te
259 1349 472 1395 scriberem,
493 1355 661 1400 egerunt.

132 1400 250 1449 Quod
281 1415 412 1440 meum
438 1403 637 1441 consilium
667 1401 863 1454 exquiris;
892 1401 932 1439 id
951 1409 1006 1440 est
1030 1401 1119 1448 tale,
1140 1408 1184 1440 ut

74 1467 207 1506 capere
234 1455 382 1494 facilius
400 1456 480 1508 ipse
504 1457 659 1508 possim,
680 1468 798 1507 quam
817 1455 924 1493 alteri
946 1456 1045 1494 dare.
1075 1455 1184 1502 Quid

75 1509 177 1546 enim
197 1517 266 1557 est,
287 1510 389 1562 quod
407 1510 568 1548 audeam
587 1510 744 1549 suadere
762 1509 846 1554 tibi,
866 1509 1012 1548 homini
1031 1509 1184 1547 summa

74 1563 309 1611 auctoritate,
330 1564 558 1625 summaque
575 1563 808 1625 prudentia?
837 1562 894 1611 Si,
913 1563 1007 1614 quid
1025 1562 1184 1600 rectissi-

75 1627 186 1654 mum
199 1617 260 1663 sit,
277 1618 511 1668 quaerimus;
541 1617 786 1678 perspicuum
798 1624 876 1654 est.
907 1617 952 1665 si,
967 1616 1061 1677 quid
1075 1628 1185 1654 max-

41 1669 47 1673 ’
75 1668 153 1708 ime
181 1671 385 1721 expediat;
414 1673 643 1709 obscurum:
675 1671 732 1708 sin
762 1669 790 1708 ii
819 1683 965 1716 sumus,
993 1670 1061 1720 qui
1093 1682 1181 1730 prof

74 1723 170 1761 fecto
189 1737 266 1762 esse
284 1725 479 1771 debemus,
491 1732 535 1762 ut
553 1724 649 1762 nihil
661 1725 886 1762 arbitremur
905 1723 1094 1775 expedire,
1111 1723 1183 1761 nisi

74 1777 179 1828 quod
196 1786 340 1816 rectum
363 1778 639 1829 honestumque
664 1778 740 1823 sit;
770 1789 847 1815 non
869 1785 994 1828 potest
1014 1789 1093 1815 esse
1111 1776 1184 1814 du·

75 1830 198 1879 bium,
218 1831 312 1882 quid
330 1831 546 1870 faciendum
563 1831 672 1870 nobis
691 1831 749 1869 sit.

129 1883 246 1931 Quod
270 1886 461 1923 existimas
493 1897 619 1923 meam
646 1898 799 1923 causam
829 1885 1073 1933 conjunctam
1102 1896 1183 1922 esse

74 1949 163 1975 cum
181 1939 274 1983 tua3
303 1947 400 1977 certe
418 1938 579 1977 similis
569 1952 608 1976 in
627 1947 788 1990 utroque
806 1941 992 1985 nostrum,
1008 1951 1096 1976 cum
1115 1950 1185 1989 op-

73 1989 167 2029 time
191 1992 428 2037 sentiremus,
453 2005 553 2031 error
581 1992 666 2030 fuit.
696 1993 803 2030 Nam
834 1991 964 2030 omnia
985 1992 1184 2042 utriusque

73 2045 229 2084 consilia
252 2045 301 2083 ad
325 2046 560 2085 concordiam
586 2053 869 2097 spectaveruntz
899 2059 975 2097 qua
997 2057 1085 2084 cum
1110 2044 1183 2104 ipsi

74 2097 214 2136 Caesari
242 2099 339 2138 nihil
357 2107 452 2138 esset
473 2100 618 2145 utilius,
637 2099 799 2150 gratiam
819 2111 971 2150 quoque
990 2111 1057 2137 nos
1086 2098 1183 2135 inire

73 2152 122 2189 ab
141 2164 198 2199 00,
214 2152 448 2192 defendenda
463 2166 567 2213 pace,
580 2153 870 2191 arbitrabamur.
899 2152 1103 2212 Quantum
1116 2163 1185 2189 nos

75 2203 264 2253 fefellerit,
289 2213 327 2244 et
355 2219 470 2257 quem
497 2207 534 2243 in
560 2207 687 2244 locum
713 2218 772 2244 res
797 2205 958 2243 deducta
984 2205 1044 2250 sit,
1065 2204 1182 2243 vides.
