1481 2422
323 70 404 109 AD
431 69 730 112 DIVERSOS.
761 71 862 109 Lm.
881 70 961 109 XI.
994 70 1058 107 13.
1178 68 1258 107 339

134 180 247 230 (12.)
275 178 338 218 Μ.
360 179 574 220 CICERO
603 179 960 274 S.DI])3.SBRUTO,
987 178 1111 217 IMP.
1139 176 1256 217 COS.

185 343 514 394 (Argumentum.
529 343 795 393 —Queritur‚
826 345 876 382 ab
908 341 1083 381 Antonio
1112 339 1262 379 bellum

56 400 57 403 ’
129 405 371 447 renovatum,
404 399 522 450 quod,
556 398 764 437 hominum
801 397 995 450 opinione,
1029 393 1209 447 impediri
1238 406 1263 433 a

131 450 258 491 Bruto
274 453 490 505 potuisset.)

189 560 287 601 Tres
305 575 384 601 uno
402 562 465 602 die
483 577 506 602 a
524 571 563 602 te
581 563 710 615 accepi
728 562 933 614 epistolas;
953 572 1075 599 unam
1092 560 1264 604 brevem,

134 628 255 667 quam
283 617 421 656 Flacco
448 618 663 657 Volumnio
691 617 877 662 dederas;
918 616 1014 654 duas
1046 613 1262 666 pleniores;

134 683 303 721 quarum
329 672 489 710 alteram
517 673 739 711 tabellarius
764 672 815 710 T.
843 671 953 710 Vibii
981 668 1140 714 attulit3
1170 667 1266 705 alte-

134 737 219 762 ram
237 725 286 764 ad
304 739 369 765 me
386 727 493 765 misit
511 727 662 779 Lupus.
691 727 758 766 Ex
776 726 853 765 tuis
870 725 1004 774 literis,
1028 730 1066 762 et
1085 735 1134 761 ex
1155 721 1266 760 Grae-

137 779 208 817 ceii
225 780 408 831 oratione,
432 794 511 821 non
536 781 652 820 modo
671 794 749 820 non
768 781 993 820 restinctum
1016 777 1181 825 bellum,
1202 775 1268 814 sed

135 833 253 873 etiam
281 835 585 884 inflammatum,
617 836 780 875 videtur.
822 836 916 874 Non
947 833 1083 872 dubito
1119 838 1266 878 autem,

134 901 205 939 pro
232 889 302 928 tua
327 890 514 942 singulari
537 890 760 943 prudentia,
781 890 878 942 quin
902 887 1122 941 perspicias,
1143 885 1176 923 si
1195 885 1267 923 ali-

135 942 232 994 quid
260 943 454 984 firmitatis
483 953 618 984 nactus
648 945 697 984 sit
714 945 927 992 Antonius,
954 941 1087 982 omnia
1108 948 1177 978 tua
1199 939 1268 978 ina

133 998 317 1048 praeclara
343 999 386 1038 in
415 1000 697 1052 rempublicam
725 1000 863 1038 merita
895 997 945 1036 ad
981 995 1150 1035 nihilum
1187 1007 1268 1033 esse

134 1060 309 1092 ventura.
338 1054 403 1093 Ita
421 1054 526 1093 enim
544 1055 716 1093 Romam
742 1061 822 1093 erat
840 1052 1080 1099 nuntiatum,
1108 1050 1163 1087 ita
1180 1061 1268 1100 per-

135 1106 294 1147 suasum
319 1109 514 1158 omnibus,
539 1122 630 1148 cum
651 1109 784 1161 paucis
808 1107 1035 1156 inermibus,
1059 1102 1270 1157 perterritis

135 1169 259 1210 metu,
288 1162 408 1202 fracto
437 1164 582 1211 animo,
611 1164 755 1216 fugisse
773 1162 1009 1202 Antonium.
1051 1159 1135 1207 Qui
1161 1158 1193 1196 si
1215 1157 1270 1196 ita

137 1229 177 1254 se
194 1217 325 1267 habet,
345 1225 391 1256 ut
416 1217 765 1270 (quemadmodum
784 1217 990 1257 audiebam
1010 1214 1058 1253 de
1077 1212 1268 1259 Graeceio)

138 1271 292 1323 confligi
318 1286 407 1311 cum
438 1286 483 1312 eo
516 1273 596 1312 sine
625 1273 795 1325 periculo
823 1285 902 1311 non
931 1270 1064 1323 possit,
1096 1280 1175 1306 non
1204 1267 1271 1305 ille

140 1326 239 1364 mihi
256 1327 401 1379 fugisse
426 1341 450 1366 a
473 1328 635 1366 Mutina
654 1328 818 1374 videtur,
847 1326 912 1365 sed
933 1326 1065 1364 locum
1085 1322 1180 1362 belli
1205 1334 1271 1373 ge-

142 1381 250 1419 rendi
266 1382 449 1421 mutasse.
479 1383 621 1434 Itaque
638 1382 813 1421 homines
833 1381 899 1420 alii
917 1379 1010 1418 facti
1029 1385 1142 1417 sunt:
1174 1388 1273 1414 non-

142 1435 242 1473 nulli
259 1436 377 1474 etiam
395 1444 624 1489 queruntur,
646 1437 751 1489 quod
768 1435 958 1488 persecuti
970 1446 1048 1472 non
1061 1432 1156 1471 sitis.
1185 1430 1273 1482 Op-

141 1490 258 1540 primi
293 1490 476 1543 potuisse,
515 1492 548 1530 si
579 1492 748 1530 celeritas
785 1490 959 1529 adhibita
997 1495 1108 1536 esset,
1143 1485 1275 1525 existi-

141 1552 262 1584 mant.

197 1599 373 1640 Omnino
387 1608 443 1640 est
463 1601 536 1640 hoc
560 1600 711 1653 populi,
731 1600 980 1652 maximeque
1004 1596 1138 1645 nostri,
1161 1595 1202 1633 in
1230 1607 1275 1634 eo

142 1655 388 1706 potissimum
407 1656 515 1694 abuti
528 1656 717 1703 libertate,
737 1669 805 1707 per
819 1667 937 1707 quem
949 1666 1036 1692 eam
1051 1657 1276 1690 consecutus

145 1709 206 1747 sit.
237 1709 313 1748 Sed
336 1717 466 1748 tamen
485 1710 767 1762 providendum
785 1717 855 1756 est,
883 1721 932 1747 ne
960 1721 1039 1759 qua
1054 1708 1160 1756 justa
1179 1717 1275 1756 que-

147 1764 227 1802 rela
245 1777 325 1803 esse
342 1765 472 1816 possit.
512 1765 592 1803 Res
617 1777 656 1803 se
675 1764 727 1802 sic
744 1764 872 1801 habet.
912 1763 954 1800 Is
974 1762 1123 1801 bellum
1147 1758 1276 1798 confe-

148 1819 254 1867 cerit,
288 1820 357 1871 qui
388 1819 610 1858 Antonium
642 1817 881 1870 oppresserit.
923 1816 1014 1855 Hoc
1044 1827 1164 1867 quam
1194 1813 1276 1852 vim

149 1874 363 1969 ξεὼθαῐῆἓί
380 1874 601 1913 existimare
626 1874 746 1922 malo,
767 1885 885 1925 quam
912 1884 978 1909 me
997 1869 1166 1922 apertius
1184 1867 1280 1906 scri-

179 1941 253 1968 ere.
364 1942 396 1968 e.

293 2036 410 2089 (13.)
440 2038 495 2078 D.
522 2037 754 2078 BRUTUS
783 2036 846 2076 M.
867 2036 919 2076 T.
939 2035 986 2075 C.
1016 2034 1057 2074 S.
1075 2032 1130 2072 D.

208 2145 536 2198 (Argumentum.
549 2168 601 2175 -
616 2146 792 2185 Excusat
823 2143 1043 2183 tarditatem
1075 2142 1117 2180 in
1153 2152 1282 2194 perse-

155 2199 309 2251 quendo
326 2199 503 2240 Antonio
519 2215 530 2240 ε
562 2207 615 2250 et,
633 2200 674 2239 in
694 2213 772 2252 quo
790 2212 850 2239 res
869 2206 971 2239 statu
991 2197 1055 2249 sit,
1076 2195 1267 2249 exponit.)
