1481 2422
197 91 275 132 293
409 89 494 130 AD
523 89 825 133 DIVERSOS.
856 91 958 132 1113.
978 93 1033 132 X.
1066 93 1130 133 16.

195 211 260 238 me
285 199 530 240 transierunt.
560 200 717 250 Quibus
740 203 854 242 rebus
879 215 950 255 ego
974 201 1150 255 cognins,
1170 206 1328 241 cuneta-

195 261 258 293 tus
275 266 355 293 non
380 267 496 302 sum;
526 255 568 294 in
590 269 704 298 cursu
724 258 915 297 bonorum
941 257 1188 298 consiliorum
1207 255 1330 309 Lepi-

198 307 295 347 dum
316 309 583 360 adjuvandum
600 311 747 364 putavi.

248 363 456 403 Adventus
482 378 593 404 meus
612 366 708 418 quid
729 366 968 418 profecturus
997 373 1108 416 esset,
1127 365 1234 406 vidi·
1222 395 1235 414 ,
1265 365 1328 405 vel

196 418 303 470 quod
327 419 500 472 equitatu
524 432 612 459 meo
633 421 811 473 persequi
834 431 951 474 atque
976 421 1192 474 opprimere
1217 420 1326 472 equi-

198 479 325 512 tatum
345 475 426 525 ejus
448 488 626 526 possem;
658 476 718 514 vel
737 476 842 528 quod
866 476 1052 515 exercitus
1071 475 1213 528 Lepidi
1238 487 1325 514 eam

195 535 361 580 partem,
382 542 470 581 quae
494 538 671 595 corrupta
696 538 765 579 est,
792 538 830 569 et
855 533 904 570 ab
928 530 1128 583 republica
1145 530 1324 577 alienata,

199 589 238 621 et
255 583 441 635 corrigere
457 591 494 622 et
513 588 683 623 coercere
701 586 904 636 praesentia
931 585 1010 624 mei
1038 585 1222 624 exercitus
1239 597 1329 636 pos-

198 650 292 676 sem.
324 638 493 690 Itaque
482 651 523 676 ιιι
547 638 667 687 Isara,
684 640 845 679 flumine
855 640 1043 689 maximo,
1064 639 1196 692 quod
1185 652 1227 678 m
1239 638 1328 677 fini-

197 693 273 731 bus
292 701 348 731 est
361 693 638 745 Allobrogum,
659 701 776 746 ponte
796 707 874 733 uno
902 694 964 733 die
982 694 1096 743 facto,
1118 693 1329 733 exercitum

198 760 234 786 a.
260 746 298 785 d,
322 756 506 799 quartum
538 748 633 787 Idus
660 748 763 787 Maii
787 749 954 788 traduxi.
985 749 1090 788 Cum
1115 761 1205 788 vero
1229 747 1329 787 mihi

198 802 422 840 nuntiatum
435 811 544 850 esset,
562 802 611 841 L.
626 804 848 842 Antonium
862 804 1105 856 praemissum
1117 816 1207 842 cum
1222 802 1331 856 equi-

198 855 303 895 tibus
322 864 359 895 et
378 856 597 897 cohortibus
617 858 665 896 ad
681 858 714 896 F
717 871 829 897 orum
847 859 876 897 J
879 859 949 897 ulu
967 859 1143 905 venisse3
1172 857 1334 897 fratrem

200 922 291 949 cum
324 911 502 964 equitum
539 920 705 964 quatuor
737 913 926 962 millibus,
957 921 1002 952 ut
1031 920 1243 952 occurreret
1282 911 1333 962 ei,

199 965 290 1005 misi
318 979 352 1004 a.
381 966 418 1004 d.
449 966 490 1005 V
519 967 614 1006 Idus
643 967 767 1005 Maii:
808 968 890 1019 ipse
919 968 1101 1007 maximis
1130 967 1333 1006 itineribus

200 1032 291 1058 cum
311 1029 477 1072 quatuor
495 1021 711 1073 legionibus
731 1022 918 1075 expeditis
933 1030 971 1061 et
989 1023 1138 1075 reliquo
1157 1021 1332 1074 equitatu

204 1077 430 1127 subsequar.

255 1130 299 1169 Si
317 1142 386 1168 nos
403 1129 605 1170 mediocris
630 1131 747 1171 modo
765 1130 920 1171 fortuna
938 1131 1158 1183 reipublicae
1176 1130 1335 1181 adjuve-

203 1184 280 1231 rit,
268 1199 278 1208 ·
311 1192 348 1224 et
378 1184 548 1223 audaciae
577 1186 815 1237 perditorum
841 1193 878 1225 et
903 1194 1042 1225 nostrae
1070 1185 1336 1225 sollicitudinis

202 1238 268 1278 hic
283 1238 401 1278 finem
419 1240 664 1292 reperiemus.
696 1240 815 1289 Quod
827 1241 858 1279 si
871 1241 983 1289 latro,
997 1239 1231 1293 praecognito
1249 1252 1338 1279 nos-

203 1300 262 1332 tro
292 1294 474 1342 adventu,
496 1308 627 1334 rursus
653 1295 693 1333 in
722 1296 879 1334 ltaliam
907 1309 946 1335 se
973 1296 1138 1348 recipere
1166 1294 1334 1347 coeperit,

203 1348 323 1388 Bruti
342 1349 414 1388 erit
435 1348 621 1398 officium,
641 1363 838 1390 occurrere
857 1350 916 1389 ei·
947 1350 1010 1390 cui
1029 1350 1106 1390 scio
1124 1361 1194 1388 nec
1213 1349 1337 1388 consi-

203 1403 303 1442 lium
333 1415 403 1443 nec
421 1404 597 1442 animum
617 1403 856 1444 defuturum.
885 1404 974 1457 Ego
1000 1412 1145 1453 tamen,
1166 1403 1198 1442 si
1216 1403 1257 1442 id
1275 1416 1339 1443 ae-

205 1457 353 1506 (fiderit,
373 1459 532 1498 fratrem
556 1471 646 1497 cum
665 1459 839 1511 equitatu
859 1460 1030 1508 mittam,
1052 1459 1121 1512 qui
1139 1466 1337 1511 sequatur,

206 1513 365 1554 Italiam
396 1527 419 1552 a
448 1513 659 1554 vastatione
689 1513 883 1554 defendat.
916 1514 950 1554 F
953 1527 998 1554 ac
1022 1514 1163 1564 valeas,
1194 1525 1339 1566 meque

207 1574 346 1607 mutuo
365 1567 515 1621 diligas.

462 1731 577 1784 (16.)
607 1728 820 1771 crcERo
849 1729 1100 1770 PLANCO.

263 1838 589 1891 (Argumentum.
601 1860 655 1869 —
668 1838 915 1878 Gratissimas
931 1837 1080 1878 senatui
1091 1836 1208 1876 fuisse
1223 1836 1344 1876 Plan-

207 1893 242 1933 ci
252 1894 395 1956 literas,
410 1894 636 1946 factumque
652 1893 1059 1943 senatus-consultum,
1075 1892 1286 1944 significat;
1308 1898 1347 1930 et

210 1957 270 1998 ut,
301 1949 343 1987 in
373 1949 522 1998 subitis,
558 1951 710 1988 senatus
736 1947 940 1987 consilium
967 1960 1017 1986 ne
1043 1953 1249 2000 exspectet,
1278 1945 1346 1986 sed

210 2003 292 2056 ipse
310 2017 335 2043 a
352 2015 432 2042 sese
450 2003 653 2043 consilium
672 2003 813 2055 capiat,
833 2010 966 2042 auctor
984 2008 1071 2051 est.)

264 2112 379 2152 Nihil
405 2120 493 2166 post
520 2112 726 2152 hominum
752 2111 981 2151 memoriam
1001 2110 1217 2163 gloriosius,
1245 2109 1345 2150 nihil

210 2167 374 2220 gratius,
405 2180 455 2207 ne
477 2175 650 2221 tempore
669 2165 864 2220 quidem'
853 2179 939 2219 1pso
962 2165 1331 2218 opportmuus‚aoea
1332 2188 1350 2198 -

211 2222 300 2262 dere
318 2222 412 2273 vidi,
441 2235 561 2277 quam
587 2229 687 2273 tuas,
709 2221 869 2273 Plance,
891 2221 1034 2260 literas.
1065 2219 1245 2261 Reddite
1259 2227 1349 2260 sunt
