1501 2407
318 75 402 114 AD
431 71 732 114 DIVERSOS.
764 74 865 113 1113.
898 74 982 113 ΙΙΙ.
1014 74 1052 119 7.
1205 78 1256 113 65

133 183 308 223 nonnihil
337 184 411 222 loci
445 183 604 222 dedisse.
647 183 696 221 Id
722 183 752 220 si
783 195 955 221 correxer
957 183 1002 220 is.
1034 183 1132 221 mihi
1154 185 1266 224 valde

133 246 288 291 gratum
306 238 389 276 erit.
418 238 487 283 Et,
508 246 553 276 ut
567 238 708 276 habere
727 237 912 276 rationem
932 238 1068 288 possis,
1090 252 1168 299 quo
1182 240 1266 278 loco

133 306 211 339 me,
227 292 332 331 salva
343 293 429 343 lege
444 292 638 339 Cornelia,
653 291 868 337 convenias
883 305 953 342 ego
966 292 1006 329 in
1026 293 1199 343 provinc}
1189 307 1263 332 am

134 347 223 385 veni
233 347 356 398 pridie
371 346 455 385 Cal.
470 347 576 385 Sext.
607 346 719 384 Iter
708 358 749 383 m
770 345 946 384 Ciliciam
964 346 1063 384 facio
1080 360 1149 397 per
1162 349 1266 398 Cap-

133 401 345 452 padociam.
383 401 521 438 Castra
549 400 654 439 movi
687 401 735 439 ab
768 399 899 438 Iconio
925 400 1048 451 pridie
1074 400 1105 438 C
1109 402 1265 440 alendas

133 457 238 507 Sept.
269 456 311 494 N
313 468 389 493 unc
407 462 465 502 tu,
487 462 525 493 et
543 468 591 493 ex
611 455 747 493 diebus
767 463 804 492 et
824 468 871 492 ex
890 454 1036 493 ratione
1054 455 1214 497 itineris,
1233 458 1264 494 si

132 510 286 561 putabis
304 522 368 548 me
387 522 467 548 esse
485 509 804 554 conveniendum,
831 508 1049 552 constitues,
1078 523 1156 560 quo
1181 511 1265 551 loco

131 563 172 602 id
191 563 498 603 commodissime
517 563 599 602 fieri
616 563 749 616 possit,
771 572 808 601 et
823 575 900 615 quo
920 563 992 602 die.
1024 564 1136 602 Vale.

216 727 306 781 (7.)
333 728 396 767 Μ.
410 728 461 767 Τ.
477 728 522 768 C.
553 729 592 768 S.
607 728 660 766 D.
691 726 871 767 APPIO
900 725 1192 766 PULCHRO.

208 837 535 888 (Argumentum.
548 837 830 885 .——Querelam
859 835 981 888 Appii
1005 836 1158 885 refellit,
1179 849 1269 875 oon-

134 899 271 944 traque
304 892 388 944 ipse
416 892 614 944 queritur:
646 900 682 930 et
708 892 891 930 virtutem
922 892 1108 929 extollens
1139 899 1270 930 contra

136 947 329 985 nobilium
360 947 634 998 arrogantiam,
662 959 702 985 se
721 945 998 984 amicissimum
1027 945 1109 985 fore
1134 946 1270 985 confir-

134 1008 248 1050 mat.)

188 1109 374 1149 Pluribus
392 1110 519 1150 verbis
539 1110 588 1149 ad
607 1117 645 1149 te
664 1111 842 1159 scribam,
869 1123 959 1149 cum
978 1111 1066 1162 plus
1086 1110 1154 1148 otii
1179 1122 1270 1148 nac-

134 1170 196 1202 tus
215 1177 290 1203 ero.
321 1165 419 1203 Haec
441 1165 572 1217 scripsi
592 1166 736 1212 subito,
753 1178 843 1204 cum
858 1164 976 1203 Bruti
993 1165 1106 1216 pueri
1126 1164 1269 1201 Laodi-

131 1231 210 1258 ceae
226 1230 290 1257 me
308 1219 588 1266 convenissent,
610 1226 647 1258 et
665 1232 704 1258 se
731 1219 902 1258 Romam
928 1231 1130 1270 properare
1151 1218 1270 1256 dixis-

131 1280 227 1312 sent.
257 1272 399 1325 Itaque
418 1274 547 1313 nullas
565 1273 626 1321 iis,
641 1281 900 1326 praeterquam
921 1274 970 1311 ad
990 1283 1026 1311 te
1042 1282 1078 1311 et
1097 1272 1147 1310 ad
1165 1273 1270 1311 Bru-

131 1334 232 1374 tum,
264 1327 354 1367 dedi
378 1328 520 1367 literas.
566 1328 705 1380 Legati
727 1327 901 1380 Appiani
919 1327 1017 1365 mihi
1036 1328 1218 1365 volumen
1247 1341 1272 1364 a

131 1389 183 1430 te,
203 1382 365 1433 plenum
385 1383 554 1434 querelae
572 1383 839 1435 iniquissimae,
870 1382 1134 1427 reddiderunt,
1166 1381 1271 1432 quod

131 1449 266 1474 eorum
278 1436 571 1476 aedificationem
582 1437 702 1476 literis
713 1438 809 1476 meis
824 1437 1086 1489 impedissem.
1117 1435 1271 1474 Eadem

130 1497 262 1529 autem
282 1491 444 1543 epistola
463 1494 634 1543 petebas,
655 1499 700 1530 ut
719 1505 781 1531 eos
808 1504 928 1544 quam
947 1492 1136 1542 primum,
1163 1502 1211 1528 ne
1229 1490 1271 1527 in

132 1544 302 1584 hiemem
327 1545 553 1595 inciderent,
580 1547 630 1585 ad
648 1546 872 1585 facultatem
892 1545 1106 1584 aedjficandj
1131 1544 1270 1582 libera-

134 1612 242 1638 rem:
273 1606 311 1638 et
330 1600 447 1638 simul
466 1608 647 1663 peracute
669 1603 892 1653 querebare,
914 1599 1019 1652 quod
1045 1612 1107 1637 eos
1126 1599 1271 1637 tributa

135 1653 287 1715 exigere
305 1661 474 1693 vetarem
493 1656 615 1707 prius,
646 1668 763 1707 quam
795 1668 880 1707 ego,
911 1668 953 1693 re
983 1653 1151 1705 cognita,
1185 1666 1271 1704 per-

135 1708 350 1747 misissem:
380 1721 502 1760 genus
523 1711 628 1748 enim
651 1709 850 1762 quoddam
875 1709 995 1747 fuisse
1019 1707 1270 1760 impediendi,

137 1775 230 1801 cum
249 1776 320 1814 ego
337 1776 561 1814 cognoscere
579 1777 657 1803 non
671 1777 836 1816 possem,
851 1763 926 1801 nisi
938 1776 1027 1802 cum
1041 1763 1090 1800 ad
1102 1762 1271 1801 hiemem

139 1829 204 1855 me
222 1830 271 1856 ex
292 1815 429 1858 Cilicia
446 1818 682 1871 recepissem.
719 1819 789 1857 Ad
818 1818 950 1857 omnia
976 1817 1117 1868 accipe,
1145 1824 1182 1855 et
1212 1829 1274 1854 co-

142 1883 282 1922 gnosce
293 1872 516 1924 aequitatem
527 1873 842 1925 expostulationis
856 1880 945 1911 tuae.
968 1872 1163 1919 Primum,
1181 1883 1272 1908 cum

144 1925 196 1963 ad
213 1938 278 1964 me
295 1927 446 1966 aditum
460 1935 557 1967 esset
574 1929 652 1967 ab
641 1929 688 1967 iis
707 1928 775 1980 qui
790 1927 972 1973 dicerent,
994 1940 1017 1964 a
1036 1939 1075 1964 se
1092 1925 1273 1963 intolera-

144 1979 240 2018 bilia
257 1980 403 2019 tributa
421 1982 549 2034 exigi3
580 1982 676 2034 quid
692 1982 830 2021 habuit
847 1980 1074 2033 iniquitatis,
1091 1993 1155 2018 me
1182 1977 1272 2018 scri-

144 2034 248 2082 bere,
263 2047 314 2073 ne
331 2035 498 2074 facerent
523 2044 612 2075 ante
632 2050 752 2089 quam
771 2050 840 2088 ego
859 2049 941 2074 rem
957 2047 1188 2086 causamque
1212 2046 1275 2071 co-

144 2090 354 2139 gnfsssem?
401 2090 495 2129 Non
519 2099 707 2143 poteram,
728 2091 853 2139 credo,
888 2097 977 2128 ante
995 2090 1190 2128 hiemem·
1223 2087 1275 2125 sic

144 2143 249 2181 enim
267 2144 410 2183 scribis
452 2145 579 2193 Quasi
602 2160 706 2194 vero,
726 2145 777 2184 ad
795 2144 1116 2197 cognoscendum,
1138 2155 1208 2194 ego
1227 2141 1277 2179 ad

145 2197 246 2247 illos,
267 2210 344 2239 non
363 2198 422 2238 illi
440 2199 490 2239 ad
509 2212 572 2240 me
597 2201 725 2242 venire
750 2199 966 2240 debuerint.
1007 2198 1111 2237 Tam
1130 2198 1268 2248 longe'
1258 2205 1276 2235 ι’

920 2265 949 2291 G
970 2257 994 2290 3
