1501 2407
266 97 351 137 AD
378 97 680 140 DIVERSOS.
713 100 817 140 Lm.
839 99 942 140 VII.
971 101 1033 139 13.
1151 100 1229 139 195

99 205 197 247 Jam
214 213 302 246 tum
319 207 420 246 mihi
445 220 525 247 non
547 209 739 260 placebas,
769 222 860 248 cum
887 209 991 248 idem
1016 209 1231 256 intuebare,

100 262 207 313 quod
224 269 262 302 et
284 260 473 315 [Titius‚]
494 263 696 302 familiaris
715 277 839 302 meus.
865 264 942 303 Sed
961 276 1132 316 quonam
1146 275 1233 301 mo-

100 316 152 354 do
166 317 231 366 jus
253 316 363 355 civile
388 317 587 367 defendes,
611 332 701 357 cum
720 318 852 357 01111113
878 319 947 356 tu&
966 319 1081 357 causa
1100 317 1231 365 facias,

99 382 178 408 non
215 371 391 410 civium?
421 373 503 410 Ubi
531 386 648 424 porro
673 374 742 412 illa
773 374 843 412 erit
867 373 1036 412 formula
1066 372 1232 419 fiduciae,

100 426 130 446 “
151 425 209 464 Ut
225 425 326 464 inter
343 427 463 464 bonos
491 429 590 466 bene
623 428 727 478 agier
759 436 907 480 oportet
922 429 969 466 ?''
1000 427 1103 475 Quis
1129 426 1234 464 enim

99 486 171 528 est,
192 480 261 532 qui
275 480 366 518 facit
379 481 492 529 nihil,
509 481 584 520 nisi
603 484 673 520 sua
693 485 831 522 causa.
822 485 839 510 ¹>
871 482 989 530 Quod
1006 483 1071 532 jus
1092 489 1235 519 statues

103 536 133 556 “
153 535 352 573 communi
371 535 627 584 dividundo,”
657 550 747 575 cum
775 550 981 575 commune
1000 536 1098 573 nihil
1116 548 1202 587 poss
1188 535 1236 573 it

102 601 183 631 esse
201 589 307 641 apud
325 602 389 628 eos
408 591 476 642 qui
505 591 637 629 omnia
666 593 863 643 voluptate
885 604 957 630 sua
985 591 1226 628 metiuntur
1216 591 1234 614 ⁹

104 637 314 691 Quomodo
333 652 463 683 autem
483 645 555 684 tibi
573 646 753 697 placebit,
766 647 908 685 Jovem
922 645 1144 697 Lapidem
1131 657 1238 694 jura-

103 711 160 746 re,
194 711 284 737 cum
315 699 425 747 scias,
457 700 602 739 Jovem
631 701 774 739 iratum
804 714 884 740 esse
917 700 1065 739 nemini
1089 701 1236 751 posse?

105 752 216 801 Quid
243 766 358 805 porro
376 754 442 792 fiet
460 756 605 806 populo
625 756 843 803 Ulubrano,
860 756 892 794 si
910 754 1102 801 statueris,
1134 762 1240 790 πελι-

104 811 280 846 renea-&m
295 820 374 847 non
393 810 596 860 oportere?
624 810 771 859 Quare,
792 811 825 849 si
844 811 959 862 plane
978 824 1001 848 3
1019 809 1130 847 nobis
1143 808 1240 846 defi-

104 861 173 909 015,
196 863 355 902 moleste
379 863 487 902 fero.
519 865 577 903 sin
609 865 746 904 Pansae
776 865 960 904 assentari
989 863 1239 903 commodum

106 924 177 964 est,
206 916 387 968 ignosco:
417 918 534 957 modo
563 920 685 958 scribe
713 919 922 972 aliquando
953 919 1002 957 ad
1031 931 1114 964 nos,
1143 917 1242 970 quid

105 983 235 1023 agas;r
253 980 292 1011 et
310 986 333 1011 a
351 973 462 1012 nobis
481 973 578 1025 quid
596 975 682 1013 fieri
700 984 767 1014 aut
786 975 913 1014 curari
930 973 1038 1013 velis.
1069 973 1184 1012 Vale.

201 1137 316 1186 (13.)
346 1136 409 1176 M.
432 1137 647 1178 CICERO
676 1139 716 1177 S.
738 1138 790 1176 D.
821 1137 1142 1177 TREBATIO.

162 1243 491 1296 (Argumentum.
503 1247 790 1286 —Intermissi
818 1247 1019 1286 literarum
1039 1246 1154 1285 officii
1174 1259 1241 1285 ex-

112 1300 351 1339 cusationem
377 1302 516 1348 affert3
547 1315 666 1355 quam
695 1315 774 1341 non
803 1302 1012 1359 accipiente
1040 1301 1244 1350 Trebatio,

110 1353 269 1394 liberius
292 1369 364 1408 pro
382 1369 490 1396 more
505 1358 687 1407 jocatur.)

164 1463 330 1504 Adeone
346 1479 411 1505 me
427 1466 618 1517 injustum
638 1480 718 1506 esse
737 1466 979 1514 existimasti,
999 1473 1045 1504 ut
1063 1465 1134 1504 tibi
1152 1465 1248 1504 iras-

111 1531 230 1566 cerer,
251 1520 355 1571 quod
370 1535 507 1573 parum
525 1522 623 1560 mihi
642 1530 819 1560 constans
839 1530 876 1560 et
896 1521 1002 1559 nimi
998 1534 1062 1559 1111
1083 1520 1248 1572 cupidus

112 1573 322 1613 decedendi
349 1576 530 1625 viderere,
561 1578 610 1615 ob
631 1590 794 1629 eamque
812 1589 967 1615 causam
995 1589 1060 1614 me
1086 1575 1248 1614 arbitra-

113 1641 196 1667 rere
214 1628 343 1669 literas
367 1631 417 1669 ad
436 1640 474 1670 te
489 1632 643 1682 jamdiu
663 1644 740 1669 non
760 1632 939 1670 misisse?
969 1630 1076 1669 Mihi
1094 1637 1247 1682 pertur-

113 1683 219 1722 batio
238 1684 359 1723 animi
386 1686 458 1733 tui,
489 1699 609 1738 quam
639 1686 775 1738 primis
807 1686 926 1724 literis
953 1685 1248 1747 perspiciebam,

115 1737 334 1777 molestiam
354 1741 499 1779 attulit.
544 1742 685 1794 Neque
705 1742 780 1779 alia
798 1741 880 1779 ulla
899 1740 974 1778 fuit
999 1753 1113 1779 causa
1131 1738 1250 1777 inter-

114 1791 307 1832 missionis
327 1795 590 1846 epistolarum,
604 1796 678 1834 nisi
693 1796 812 1849 quod,
833 1795 903 1834 ubi
915 1808 1026 1842 esses,
1047 1795 1162 1846 plane
1182 1806 1251 1832 ne-

117 1847 298 1886 sciebam.
328 1849 410 1888 Hic
429 1858 472 1889 tu
486 1864 551 1889 me
571 1851 687 1889 etiam
705 1851 924 1898 insimulas,
941 1862 1011 1888 nec
1024 1849 1251 1888 satisfactio-

116 1914 207 1940 nem
225 1915 355 1942 meam
375 1905 527 1966 accipis.
563 1905 692 1955 Audi,
714 1906 835 1944 Testa
852 1905 920 1943 mi.
952 1905 1098 1943 Utrum
1120 1916 1253 1955 super-

117 1956 265 1996 biorem
279 1965 318 1997 te
335 1960 500 2011 pecunia
517 1960 622 2008 facit,
637 1973 687 1998 an
707 1960 812 2012 quod
830 1968 869 1998 te
888 1960 1095 2010 imperator
1114 1971 1253 1996 consu-

117 2011 190 2051 lit.
180 2014 197 2039 ⁹
228 2011 393 2061 Moriar,
414 2014 456 2052 ni
475 2018 580 2066 (quae
599 2023 667 2053 tua
685 2015 809 2066 gloria
828 2014 902 2064 est)
920 2022 1016 2066 puto
1037 2022 1074 2051 te
1093 2013 1212 2051 malle
1231 2025 1255 2050 a

120 2064 274 2106 Caesare
306 2069 467 2117 consuli,
506 2083 626 2122 quam
663 2069 844 2108 inaurari.
894 2070 937 2109 Si
973 2081 1062 2106 vero
1098 2075 1254 2105 utrum-

118 2134 196 2172 que
221 2123 402 2205 est‚⁹quis
419 2132 458 2164 te
478 2124 589 2174 feret,
618 2132 758 2178 praeter
786 2138 866 2175 me,
896 2123 966 2177 qui
992 2122 1125 2162 omnia
1153 2121 1255 2160 ferre

120 2188 304 2229 possum.
