<?xml version="1.0" encoding="UTF-8"?>
<!DOCTYPE html PUBLIC "-//W3C//DTD XHTML 1.0 Transitional//EN"
    "http://www.w3.org/TR/xhtml1/DTD/xhtml1-transitional.dtd">
<html xmlns="http://www.w3.org/1999/xhtml" xml:lang="en" lang="en">
 <head>
  <title>
</title>
<meta http-equiv="Content-Type" content="text/html;charset=utf-8" />
  <meta name='ocr-system' content='tesseract 3.04.00' />
  <meta name='ocr-capabilities' content='ocr_page ocr_carea ocr_par ocr_line ocrx_word'/>
</head>
<body>
  <div class='ocr_page' id='page_1' title='image "./operaern09ciceuoft_0049.png"; bbox 0 0 1501 2407; ppageno 0'>
   <div class='ocr_carea' id='block_1_1' title="bbox 231 115 1216 273">
    <p class='ocr_par' dir='ltr' id='par_1_1' title="bbox 231 115 1216 273">
     <span class='ocr_line' id='line_1_1' title="bbox 321 115 1216 156; baseline -0.001 0"><span class='ocrx_word' id='word_1_1' title='bbox 321 117 402 156; x_wconf 84' lang='lat' dir='ltr'><strong>AD</strong></span> <span class='ocrx_word' id='word_1_2' title='bbox 431 116 727 156; x_wconf 86' lang='lat' dir='ltr'><strong>DIVERSOS.</strong></span> <span class='ocrx_word' id='word_1_3' title='bbox 756 115 857 154; x_wconf 81' lang='lat' dir='ltr'><strong>Lm.</strong></span> <span class='ocrx_word' id='word_1_4' title='bbox 887 115 947 154; x_wconf 90' lang='lat'><strong>11.</strong></span> <span class='ocrx_word' id='word_1_5' title='bbox 977 117 1014 154; x_wconf 90' lang='grc'><strong>6.</strong></span> <span class='ocrx_word' id='word_1_6' title='bbox 1165 118 1216 155; x_wconf 82' lang='lat'><strong>35</strong></span> 
     </span>
     <span class='ocr_line' id='line_1_2' title="bbox 231 221 1110 273; baseline -0.001 -11"><span class='ocrx_word' id='word_1_7' title='bbox 231 227 319 273; x_wconf 88' lang='lat'>(5.)</span> <span class='ocrx_word' id='word_1_8' title='bbox 356 223 418 262; x_wconf 87' lang='lat' dir='ltr'><strong>M.</strong></span> <span class='ocrx_word' id='word_1_9' title='bbox 439 224 489 262; x_wconf 88' lang='grc' dir='ltr'><strong>Τ.</strong></span> <span class='ocrx_word' id='word_1_10' title='bbox 511 224 556 263; x_wconf 91' lang='lat' dir='ltr'><strong>C.</strong></span> <span class='ocrx_word' id='word_1_11' title='bbox 586 225 631 263; x_wconf 92' lang='lat' dir='ltr'><strong>C.</strong></span> <span class='ocrx_word' id='word_1_12' title='bbox 652 221 900 262; x_wconf 83' lang='lat' dir='ltr'>CURIONI</span> <span class='ocrx_word' id='word_1_13' title='bbox 928 223 968 262; x_wconf 92' lang='lat' dir='ltr'><strong>S.</strong></span> <span class='ocrx_word' id='word_1_14' title='bbox 990 223 1036 261; x_wconf 93' lang='lat' dir='ltr'><strong>P.</strong></span> <span class='ocrx_word' id='word_1_15' title='bbox 1057 223 1110 262; x_wconf 92' lang='lat' dir='ltr'><strong>D.</strong></span> 
     </span>
    </p>
   </div>
   <div class='ocr_carea' id='block_1_2' title="bbox 111 330 1226 491">
    <p class='ocr_par' dir='ltr' id='par_1_2' title="bbox 111 330 1226 491">
     <span class='ocr_line' id='line_1_3' title="bbox 166 330 1223 383; baseline 0.003 -15"><span class='ocrx_word' id='word_1_16' title='bbox 166 331 729 382; x_wconf 48' lang='lat' dir='ltr'><strong>(Argumentum—Questus</strong></span> <span class='ocrx_word' id='word_1_17' title='bbox 747 331 795 370; x_wconf 92' lang='lat' dir='ltr'><strong>de</strong></span> <span class='ocrx_word' id='word_1_18' title='bbox 812 330 976 383; x_wconf 86' lang='lat' dir='ltr'><strong>publicis</strong></span> <span class='ocrx_word' id='word_1_19' title='bbox 993 331 1119 380; x_wconf 88' lang='lat' dir='ltr'><strong>malis,</strong></span> <span class='ocrx_word' id='word_1_20' title='bbox 1141 333 1223 371; x_wconf 79' lang='lat' dir='ltr'><strong>Cu..-</strong></span> 
     </span>
     <span class='ocr_line' id='line_1_4' title="bbox 112 384 1226 437; baseline 0.002 -15"><span class='ocrx_word' id='word_1_21' title='bbox 112 384 211 422; x_wconf 84' lang='lat' dir='ltr'><strong>rioni</strong></span> <span class='ocrx_word' id='word_1_22' title='bbox 241 387 468 437; x_wconf 81' lang='lat' dir='ltr'>gratulatur,</span> <span class='ocrx_word' id='word_1_23' title='bbox 500 386 604 437; x_wconf 86' lang='lat' dir='ltr'><strong>quod</strong></span> <span class='ocrx_word' id='word_1_24' title='bbox 633 399 678 423; x_wconf 91' lang='lat' dir='ltr'><strong>ea</strong></span> <span class='ocrx_word' id='word_1_25' title='bbox 701 398 778 423; x_wconf 93' lang='lat' dir='ltr'><strong>non</strong></span> <span class='ocrx_word' id='word_1_26' title='bbox 807 385 946 432; x_wconf 85' lang='lat' dir='ltr'><strong>videat,</strong></span> <span class='ocrx_word' id='word_1_27' title='bbox 978 392 1016 422; x_wconf 93' lang='lat' dir='ltr'><strong>et</strong></span> <span class='ocrx_word' id='word_1_28' title='bbox 1043 398 1226 437; x_wconf 87' lang='lat' dir='ltr'><strong>magnam</strong></span> 
     </span>
     <span class='ocr_line' id='line_1_5' title="bbox 111 437 1226 491; baseline 0.003 -15"><span class='ocrx_word' id='word_1_29' title='bbox 111 451 161 476; x_wconf 81' lang='lat' dir='ltr'><strong>ex</strong></span> <span class='ocrx_word' id='word_1_30' title='bbox 190 440 394 478; x_wconf 84' lang='lat' dir='ltr'><strong>benefactis</strong></span> <span class='ocrx_word' id='word_1_31' title='bbox 423 439 578 477; x_wconf 87' lang='lat' dir='ltr'><strong>laudem</strong></span> <span class='ocrx_word' id='word_1_32' title='bbox 605 446 867 491; x_wconf 86' lang='lat' dir='ltr'>consequatur.</span> <span class='ocrx_word' id='word_1_33' title='bbox 898 437 988 485; x_wconf 89' lang='lat' dir='ltr'><strong>Sed,</strong></span> <span class='ocrx_word' id='word_1_34' title='bbox 1012 452 1166 491; x_wconf 92' lang='lat' dir='ltr'><strong>quoquo</strong></span> <span class='ocrx_word' id='word_1_35' title='bbox 1187 454 1226 479; x_wconf 87' lang='lat' dir='ltr'><strong>se</strong></span> 
     </span>
    </p>
   </div>
   <div class='ocr_carea' id='block_1_3' title="bbox 112 493 1226 599">
    <p class='ocr_par' dir='ltr' id='par_1_3' title="bbox 112 493 1226 599">
     <span class='ocr_line' id='line_1_6' title="bbox 114 493 1226 545; baseline 0.004 -17"><span class='ocrx_word' id='word_1_36' title='bbox 114 493 229 530; x_wconf 86' lang='lat' dir='ltr'><strong>modo</strong></span> <span class='ocrx_word' id='word_1_37' title='bbox 253 494 465 545; x_wconf 50' lang='lat' dir='ltr'><strong>respublica</strong></span> <span class='ocrx_word' id='word_1_38' title='bbox 488 494 640 541; x_wconf 86' lang='lat' dir='ltr'><strong>habeat,</strong></span> <span class='ocrx_word' id='word_1_39' title='bbox 664 493 714 531; x_wconf 85' lang='lat' dir='ltr'><strong>ad</strong></span> <span class='ocrx_word' id='word_1_40' title='bbox 739 506 824 531; x_wconf 84' lang='lat' dir='ltr'><strong>eam</strong></span> <span class='ocrx_word' id='word_1_41' title='bbox 846 493 1114 545; x_wconf 84' lang='lat' dir='ltr'><strong>capessendam</strong></span> <span class='ocrx_word' id='word_1_42' title='bbox 1143 494 1226 532; x_wconf 88' lang='lat' dir='ltr'><strong>vin-</strong></span> 
     </span>
     <span class='ocr_line' id='line_1_7' title="bbox 112 545 661 599; baseline 0.004 -16"><span class='ocrx_word' id='word_1_43' title='bbox 112 545 391 599; x_wconf 85' lang='lat' dir='ltr'><strong>dicandamque</strong></span> <span class='ocrx_word' id='word_1_44' title='bbox 409 547 661 595; x_wconf 87' lang='lat' dir='ltr'><strong>adhortatur.)</strong></span> 
     </span>
    </p>
   </div>
   <div class='ocr_carea' id='block_1_4' title="bbox 621 627 729 634">
    <p class='ocr_par' dir='ltr' id='par_1_4' title="bbox 621 627 729 634">
     <span class='ocr_line' id='line_1_8' title="bbox 621 627 729 634; baseline 0 0"><span class='ocrx_word' id='word_1_45' title='bbox 621 627 729 634; x_wconf 95' lang='lat' dir='ltr'><strong> </strong></span> 
     </span>
    </p>
   </div>
   <div class='ocr_carea' id='block_1_5' title="bbox 113 654 1243 1719">
    <p class='ocr_par' dir='ltr' id='par_1_5' title="bbox 113 654 1243 1719">
     <span class='ocr_line' id='line_1_9' title="bbox 169 654 1228 708; baseline 0.002 -16"><span class='ocrx_word' id='word_1_46' title='bbox 169 654 268 693; x_wconf 89' lang='lat' dir='ltr'><strong>Haec</strong></span> <span class='ocrx_word' id='word_1_47' title='bbox 285 655 436 706; x_wconf 87' lang='lat' dir='ltr'><strong>negotia</strong></span> <span class='ocrx_word' id='word_1_48' title='bbox 455 655 647 707; x_wconf 86' lang='lat' dir='ltr'><strong>quomodo</strong></span> <span class='ocrx_word' id='word_1_49' title='bbox 659 669 698 693; x_wconf 86' lang='lat' dir='ltr'><strong>se</strong></span> <span class='ocrx_word' id='word_1_50' title='bbox 716 656 895 701; x_wconf 80' lang='lat' dir='ltr'><strong>habeant,</strong></span> <span class='ocrx_word' id='word_1_51' title='bbox 911 667 960 693; x_wconf 91' lang='lat' dir='ltr'><strong>ne</strong></span> <span class='ocrx_word' id='word_1_52' title='bbox 972 656 1131 706; x_wconf 86' lang='lat' dir='ltr'><strong>epistola</strong></span> <span class='ocrx_word' id='word_1_53' title='bbox 1142 657 1228 708; x_wconf 91' lang='lat' dir='ltr'><strong>qui-</strong></span> 
     </span>
     <span class='ocr_line' id='line_1_10' title="bbox 114 707 1229 761; baseline 0.003 -16"><span class='ocrx_word' id='word_1_54' title='bbox 114 707 204 746; x_wconf 91' lang='lat' dir='ltr'><strong>dem</strong></span> <span class='ocrx_word' id='word_1_55' title='bbox 233 721 384 748; x_wconf 89' lang='lat' dir='ltr'><strong>narrare</strong></span> <span class='ocrx_word' id='word_1_56' title='bbox 405 709 538 747; x_wconf 87' lang='lat' dir='ltr'><strong>audeo.</strong></span> <span class='ocrx_word' id='word_1_57' title='bbox 568 709 675 756; x_wconf 91' lang='lat' dir='ltr'><strong>Tibi,</strong></span> <span class='ocrx_word' id='word_1_58' title='bbox 709 709 792 757; x_wconf 88' lang='lat' dir='ltr'><strong>etsi,</strong></span> <span class='ocrx_word' id='word_1_59' title='bbox 825 709 1060 761; x_wconf 91' lang='lat' dir='ltr'><strong>ubicumque</strong></span> <span class='ocrx_word' id='word_1_60' title='bbox 1085 723 1138 758; x_wconf 86' lang='lat' dir='ltr'><strong>es,</strong></span> <span class='ocrx_word' id='word_1_61' title='bbox 1167 711 1229 761; x_wconf 88' lang='lat' dir='ltr'><strong>(ut</strong></span> 
     </span>
     <span class='ocr_line' id='line_1_11' title="bbox 113 762 1230 815; baseline 0.002 -15"><span class='ocrx_word' id='word_1_62' title='bbox 113 762 246 814; x_wconf 86' lang='lat' dir='ltr'><strong>scripsi</strong></span> <span class='ocrx_word' id='word_1_63' title='bbox 263 763 313 801; x_wconf 86' lang='lat' dir='ltr'><strong>ad</strong></span> <span class='ocrx_word' id='word_1_64' title='bbox 341 770 378 801; x_wconf 92' lang='lat' dir='ltr'><strong>te</strong></span> <span class='ocrx_word' id='word_1_65' title='bbox 402 771 528 809; x_wconf 89' lang='lat' dir='ltr'><strong>antea)</strong></span> <span class='ocrx_word' id='word_1_66' title='bbox 552 763 593 800; x_wconf 84' lang='lat' dir='ltr'><strong>in</strong></span> <span class='ocrx_word' id='word_1_67' title='bbox 616 763 750 801; x_wconf 87' lang='lat' dir='ltr'><strong>eadem</strong></span> <span class='ocrx_word' id='word_1_68' title='bbox 776 777 814 801; x_wconf 62' lang='lat' dir='ltr'><strong>es</strong></span> <span class='ocrx_word' id='word_1_69' title='bbox 839 763 941 811; x_wconf 90' lang='lat' dir='ltr'><strong>navi,</strong></span> <span class='ocrx_word' id='word_1_70' title='bbox 961 770 1104 812; x_wconf 86' lang='lat' dir='ltr'><strong>tamen,</strong></span> <span class='ocrx_word' id='word_1_71' title='bbox 1125 764 1230 815; x_wconf 92' lang='lat' dir='ltr'><strong>quod</strong></span> 
     </span>
     <span class='ocr_line' id='line_1_12' title="bbox 114 816 1232 868; baseline 0.002 -14"><span class='ocrx_word' id='word_1_72' title='bbox 114 818 218 863; x_wconf 87' lang='lat' dir='ltr'><strong>abes,</strong></span> <span class='ocrx_word' id='word_1_73' title='bbox 237 817 435 868; x_wconf 88' lang='lat' dir='ltr'><strong>gratulor;</strong></span> <span class='ocrx_word' id='word_1_74' title='bbox 465 817 526 855; x_wconf 85' lang='lat' dir='ltr'><strong>vel</strong></span> <span class='ocrx_word' id='word_1_75' title='bbox 545 817 636 868; x_wconf 83' lang='lat' dir='ltr'><strong>quia</strong></span> <span class='ocrx_word' id='word_1_76' title='bbox 653 830 730 855; x_wconf 90' lang='lat' dir='ltr'><strong>non</strong></span> <span class='ocrx_word' id='word_1_77' title='bbox 748 816 853 855; x_wconf 80' lang='lat' dir='ltr'><strong>vides</strong></span> <span class='ocrx_word' id='word_1_78' title='bbox 872 830 929 864; x_wconf 90' lang='lat' dir='ltr'><strong>ea,</strong></span> <span class='ocrx_word' id='word_1_79' title='bbox 950 831 1037 868; x_wconf 88' lang='lat' dir='ltr'><strong>quae</strong></span> <span class='ocrx_word' id='word_1_80' title='bbox 1055 829 1149 864; x_wconf 81' lang='lat' dir='ltr'><strong>nos3</strong></span> <span class='ocrx_word' id='word_1_81' title='bbox 1171 819 1232 856; x_wconf 83' lang='lat' dir='ltr'><strong>vel</strong></span> 
     </span>
     <span class='ocr_line' id='line_1_13' title="bbox 115 844 1232 923; baseline 0.002 -15"><span class='ocrx_word' id='word_1_82' title='bbox 115 844 222 921; x_wconf 86' lang='lat' dir='ltr'><strong>quod</strong></span> <span class='ocrx_word' id='word_1_83' title='bbox 239 871 385 909; x_wconf 84' lang='lat' dir='ltr'><strong>excelso</strong></span> <span class='ocrx_word' id='word_1_84' title='bbox 403 878 440 909; x_wconf 91' lang='lat' dir='ltr'><strong>et</strong></span> <span class='ocrx_word' id='word_1_85' title='bbox 458 871 598 909; x_wconf 81' lang='lat' dir='ltr'>illustri</span> <span class='ocrx_word' id='word_1_86' title='bbox 615 871 699 909; x_wconf 92' lang='lat' dir='ltr'><strong>loco</strong></span> <span class='ocrx_word' id='word_1_87' title='bbox 717 871 788 909; x_wconf 85' lang='lat' dir='ltr'><strong>sita</strong></span> <span class='ocrx_word' id='word_1_88' title='bbox 807 878 863 909; x_wconf 86' lang='lat' dir='ltr'><strong>est</strong></span> <span class='ocrx_word' id='word_1_89' title='bbox 879 871 964 909; x_wconf 88' lang='lat' dir='ltr'><strong>laus</strong></span> <span class='ocrx_word' id='word_1_90' title='bbox 982 878 1063 920; x_wconf 87' lang='lat' dir='ltr'><strong>tua,</strong></span> <span class='ocrx_word' id='word_1_91' title='bbox 1083 871 1125 909; x_wconf 87' lang='lat' dir='ltr'><strong>in</strong></span> <span class='ocrx_word' id='word_1_92' title='bbox 1143 872 1232 923; x_wconf 90' lang='lat' dir='ltr'><strong>plu-</strong></span> 
     </span>
     <span class='ocr_line' id='line_1_14' title="bbox 116 924 1235 977; baseline 0.002 -15"><span class='ocrx_word' id='word_1_93' title='bbox 116 924 303 963; x_wconf 87' lang='lat' dir='ltr'><strong>rimorum</strong></span> <span class='ocrx_word' id='word_1_94' title='bbox 331 932 368 963; x_wconf 89' lang='lat' dir='ltr'><strong>et</strong></span> <span class='ocrx_word' id='word_1_95' title='bbox 391 925 577 963; x_wconf 89' lang='lat' dir='ltr'><strong>sociorum</strong></span> <span class='ocrx_word' id='word_1_96' title='bbox 602 931 639 962; x_wconf 88' lang='lat' dir='ltr'><strong>et</strong></span> <span class='ocrx_word' id='word_1_97' title='bbox 661 924 802 963; x_wconf 85' lang='lat' dir='ltr'><strong>civium</strong></span> <span class='ocrx_word' id='word_1_98' title='bbox 828 932 1044 976; x_wconf 86' lang='lat' dir='ltr'><strong>conspectu,</strong></span> <span class='ocrx_word' id='word_1_99' title='bbox 1069 939 1156 977; x_wconf 87' lang='lat' dir='ltr'><strong>quae</strong></span> <span class='ocrx_word' id='word_1_100' title='bbox 1185 926 1235 964; x_wconf 88' lang='lat' dir='ltr'><strong>ad</strong></span> 
     </span>
     <span class='ocr_line' id='line_1_15' title="bbox 118 978 1236 1026; baseline 0.004 -11"><span class='ocrx_word' id='word_1_101' title='bbox 118 990 202 1026; x_wconf 91' lang='lat' dir='ltr'><strong>nos,</strong></span> <span class='ocrx_word' id='word_1_102' title='bbox 217 990 287 1016; x_wconf 91' lang='lat' dir='ltr'><strong>nec</strong></span> <span class='ocrx_word' id='word_1_103' title='bbox 302 980 461 1017; x_wconf 88' lang='lat' dir='ltr'><strong>obscuro</strong></span> <span class='ocrx_word' id='word_1_104' title='bbox 480 991 549 1016; x_wconf 92' lang='lat' dir='ltr'><strong>nec</strong></span> <span class='ocrx_word' id='word_1_105' title='bbox 563 978 666 1017; x_wconf 82' lang='lat' dir='ltr'><strong>vario</strong></span> <span class='ocrx_word' id='word_1_106' title='bbox 680 991 867 1026; x_wconf 81' lang='lat' dir='ltr'><strong>sermone,</strong></span> <span class='ocrx_word' id='word_1_107' title='bbox 889 979 955 1017; x_wconf 89' lang='lat' dir='ltr'><strong>sed</strong></span> <span class='ocrx_word' id='word_1_108' title='bbox 973 986 1010 1017; x_wconf 85' lang='lat' dir='ltr'><strong>et</strong></span> <span class='ocrx_word' id='word_1_109' title='bbox 1028 979 1236 1020; x_wconf 86' lang='lat' dir='ltr'><strong>clarissima</strong></span> 
     </span>
     <span class='ocr_line' id='line_1_16' title="bbox 116 1032 1232 1083; baseline 0.002 -13"><span class='ocrx_word' id='word_1_110' title='bbox 116 1039 154 1070; x_wconf 89' lang='lat' dir='ltr'><strong>et</strong></span> <span class='ocrx_word' id='word_1_111' title='bbox 172 1045 253 1070; x_wconf 86' lang='lat' dir='ltr'><strong>una</strong></span> <span class='ocrx_word' id='word_1_112' title='bbox 275 1033 451 1070; x_wconf 88' lang='lat' dir='ltr'><strong>omnium</strong></span> <span class='ocrx_word' id='word_1_113' title='bbox 469 1045 572 1079; x_wconf 88' lang='lat' dir='ltr'><strong>voce,</strong></span> <span class='ocrx_word' id='word_1_114' title='bbox 588 1045 636 1083; x_wconf 86' lang='lat' dir='ltr'><strong>pe</strong></span> <span class='ocrx_word' id='word_1_115' title='bbox 617 1032 788 1070; x_wconf 86' lang='lat' dir='ltr'><strong>e.rfertur</strong></span> <span class='ocrx_word' id='word_1_116' title='bbox 816 1032 955 1070; x_wconf 86' lang='lat' dir='ltr'><strong>Unum</strong></span> <span class='ocrx_word' id='word_1_117' title='bbox 974 1033 1073 1070; x_wconf 89' lang='lat' dir='ltr'><strong>illud</strong></span> <span class='ocrx_word' id='word_1_118' title='bbox 1091 1034 1232 1083; x_wconf 87' lang='lat' dir='ltr'><strong>nescio,</strong></span> 
     </span>
     <span class='ocr_line' id='line_1_17' title="bbox 117 1086 1235 1138; baseline 0.001 -14"><span class='ocrx_word' id='word_1_119' title='bbox 117 1087 334 1137; x_wconf 81' lang='lat' dir='ltr'><strong>gratulerne</strong></span> <span class='ocrx_word' id='word_1_120' title='bbox 362 1086 446 1132; x_wconf 88' lang='lat' dir='ltr'><strong>tibi,</strong></span> <span class='ocrx_word' id='word_1_121' title='bbox 478 1099 528 1124; x_wconf 89' lang='lat' dir='ltr'><strong>an</strong></span> <span class='ocrx_word' id='word_1_122' title='bbox 553 1086 724 1134; x_wconf 88' lang='lat' dir='ltr'><strong>timeam,</strong></span> <span class='ocrx_word' id='word_1_123' title='bbox 749 1086 854 1138; x_wconf 91' lang='lat' dir='ltr'><strong>quod</strong></span> <span class='ocrx_word' id='word_1_124' title='bbox 879 1086 1066 1125; x_wconf 82' lang='lat' dir='ltr'><strong>mirabilis</strong></span> <span class='ocrx_word' id='word_1_125' title='bbox 1090 1094 1145 1125; x_wconf 89' lang='lat' dir='ltr'><strong>est</strong></span> <span class='ocrx_word' id='word_1_126' title='bbox 1168 1101 1235 1126; x_wconf 78' lang='lat' dir='ltr'><strong>ex-</strong></span> 
     </span>
     <span class='ocr_line' id='line_1_18' title="bbox 118 1140 1236 1191; baseline 0.002 -13"><span class='ocrx_word' id='word_1_127' title='bbox 118 1140 298 1191; x_wconf 86' lang='lat' dir='ltr'><strong>spectatio</strong></span> <span class='ocrx_word' id='word_1_128' title='bbox 321 1140 462 1178; x_wconf 72' lang='lat' dir='ltr'><strong>reditfis</strong></span> <span class='ocrx_word' id='word_1_129' title='bbox 481 1140 564 1185; x_wconf 79' lang='lat' dir='ltr'><strong>tui3</strong></span> <span class='ocrx_word' id='word_1_130' title='bbox 594 1152 686 1188; x_wconf 89' lang='lat' dir='ltr'><strong>non,</strong></span> <span class='ocrx_word' id='word_1_131' title='bbox 707 1153 784 1191; x_wconf 93' lang='lat' dir='ltr'><strong>quo</strong></span> <span class='ocrx_word' id='word_1_132' title='bbox 803 1153 944 1189; x_wconf 86' lang='lat' dir='ltr'><strong>verear,</strong></span> <span class='ocrx_word' id='word_1_133' title='bbox 961 1153 1010 1178; x_wconf 91' lang='lat' dir='ltr'><strong>ne</strong></span> <span class='ocrx_word' id='word_1_134' title='bbox 1028 1151 1096 1178; x_wconf 88' lang='lat' dir='ltr'><strong>tua</strong></span> <span class='ocrx_word' id='word_1_135' title='bbox 1113 1141 1236 1180; x_wconf 88' lang='lat' dir='ltr'><strong>virtus</strong></span> 
     </span>
     <span class='ocr_line' id='line_1_19' title="bbox 117 1193 1235 1245; baseline 0.002 -13"><span class='ocrx_word' id='word_1_136' title='bbox 117 1194 289 1245; x_wconf 87' lang='lat' dir='ltr'><strong>opinioni</strong></span> <span class='ocrx_word' id='word_1_137' title='bbox 305 1193 510 1233; x_wconf 87' lang='lat' dir='ltr'><strong>hominum</strong></span> <span class='ocrx_word' id='word_1_138' title='bbox 527 1206 605 1232; x_wconf 91' lang='lat' dir='ltr'><strong>non</strong></span> <span class='ocrx_word' id='word_1_139' title='bbox 619 1193 844 1245; x_wconf 45' lang='lat' dir='ltr'><strong>respondeat</strong></span> <span class='ocrx_word' id='word_1_140' title='bbox 859 1208 871 1239; x_wconf 88' lang='lat'>;</span> <span class='ocrx_word' id='word_1_141' title='bbox 901 1194 967 1232; x_wconf 87' lang='lat' dir='ltr'><strong>sed</strong></span> <span class='ocrx_word' id='word_1_142' title='bbox 982 1194 1235 1243; x_wconf 88' lang='lat' dir='ltr'><strong>(mehercule)</strong></span> 
     </span>
     <span class='ocr_line' id='line_1_20' title="bbox 118 1247 1238 1299; baseline 0.001 -13"><span class='ocrx_word' id='word_1_143' title='bbox 118 1259 181 1296; x_wconf 91' lang='lat' dir='ltr'><strong>ne,</strong></span> <span class='ocrx_word' id='word_1_144' title='bbox 202 1261 292 1286; x_wconf 91' lang='lat' dir='ltr'><strong>cum</strong></span> <span class='ocrx_word' id='word_1_145' title='bbox 310 1248 469 1295; x_wconf 88' lang='lat' dir='ltr'><strong>veneris,</strong></span> <span class='ocrx_word' id='word_1_146' title='bbox 496 1260 574 1285; x_wconf 90' lang='lat' dir='ltr'><strong>non</strong></span> <span class='ocrx_word' id='word_1_147' title='bbox 601 1247 743 1286; x_wconf 84' lang='lat' dir='ltr'><strong>habeas</strong></span> <span class='ocrx_word' id='word_1_148' title='bbox 769 1248 865 1297; x_wconf 86' lang='lat' dir='ltr'><strong>jam,</strong></span> <span class='ocrx_word' id='word_1_149' title='bbox 886 1248 991 1299; x_wconf 91' lang='lat' dir='ltr'><strong>quod</strong></span> <span class='ocrx_word' id='word_1_150' title='bbox 1019 1261 1153 1286; x_wconf 86' lang='lat' dir='ltr'><strong>cures:</strong></span> <span class='ocrx_word' id='word_1_151' title='bbox 1183 1249 1238 1288; x_wconf 84' lang='lat' dir='ltr'><strong>ita</strong></span> 
     </span>
     <span class='ocr_line' id='line_1_21' title="bbox 119 1301 1236 1353; baseline 0.001 -13"><span class='ocrx_word' id='word_1_152' title='bbox 119 1308 212 1340; x_wconf 86' lang='lat' dir='ltr'><strong>sunt</strong></span> <span class='ocrx_word' id='word_1_153' title='bbox 240 1302 369 1340; x_wconf 77' lang='lat' dir='ltr'><strong>omnia</strong></span> <span class='ocrx_word' id='word_1_154' title='bbox 401 1301 597 1340; x_wconf 82' lang='lat' dir='ltr'><strong>debilitata</strong></span> <span class='ocrx_word' id='word_1_155' title='bbox 617 1302 702 1351; x_wconf 89' lang='lat' dir='ltr'><strong>jam</strong></span> <span class='ocrx_word' id='word_1_156' title='bbox 725 1315 845 1353; x_wconf 87' lang='lat' dir='ltr'><strong>prope</strong></span> <span class='ocrx_word' id='word_1_157' title='bbox 869 1309 907 1340; x_wconf 88' lang='lat' dir='ltr'><strong>et</strong></span> <span class='ocrx_word' id='word_1_158' title='bbox 933 1301 1129 1340; x_wconf 79' lang='lat' dir='ltr'><strong>exstincta.</strong></span> <span class='ocrx_word' id='word_1_159' title='bbox 1159 1303 1236 1342; x_wconf 85' lang='lat' dir='ltr'><strong>Sed</strong></span> 
     </span>
     <span class='ocr_line' id='line_1_22' title="bbox 120 1355 1237 1407; baseline 0.001 -13"><span class='ocrx_word' id='word_1_160' title='bbox 120 1356 202 1394; x_wconf 86' lang='lat' dir='ltr'><strong>haec</strong></span> <span class='ocrx_word' id='word_1_161' title='bbox 219 1355 318 1407; x_wconf 90' lang='lat' dir='ltr'><strong>ipsa,</strong></span> <span class='ocrx_word' id='word_1_162' title='bbox 332 1356 471 1404; x_wconf 87' lang='lat' dir='ltr'><strong>nescio,</strong></span> <span class='ocrx_word' id='word_1_163' title='bbox 484 1363 630 1394; x_wconf 82' lang='lat' dir='ltr'><strong>rectene</strong></span> <span class='ocrx_word' id='word_1_164' title='bbox 645 1355 719 1393; x_wconf 90' lang='lat' dir='ltr'><strong>sint</strong></span> <span class='ocrx_word' id='word_1_165' title='bbox 732 1355 850 1394; x_wconf 86' lang='lat' dir='ltr'><strong>literis</strong></span> <span class='ocrx_word' id='word_1_166' title='bbox 862 1356 1087 1394; x_wconf 78' lang='lat' dir='ltr'><strong>commissa:</strong></span> <span class='ocrx_word' id='word_1_167' title='bbox 1118 1369 1237 1407; x_wconf 90' lang='lat' dir='ltr'><strong>quare</strong></span> 
     </span>
     <span class='ocr_line' id='line_1_23' title="bbox 120 1409 1239 1461; baseline 0.001 -13"><span class='ocrx_word' id='word_1_168' title='bbox 120 1416 256 1448; x_wconf 87' lang='lat' dir='ltr'><strong>caetera</strong></span> <span class='ocrx_word' id='word_1_169' title='bbox 273 1422 472 1461; x_wconf 57' lang='lat' dir='ltr'><strong>cognosces</strong></span> <span class='ocrx_word' id='word_1_170' title='bbox 491 1422 538 1448; x_wconf 80' lang='lat' dir='ltr'><strong>ex</strong></span> <span class='ocrx_word' id='word_1_171' title='bbox 558 1409 654 1447; x_wconf 85' lang='lat' dir='ltr'><strong>aliis.</strong></span> <span class='ocrx_word' id='word_1_172' title='bbox 681 1409 748 1447; x_wconf 92' lang='lat' dir='ltr'><strong>Tu</strong></span> <span class='ocrx_word' id='word_1_173' title='bbox 770 1417 915 1457; x_wconf 88' lang='lat' dir='ltr'><strong>tamen,</strong></span> <span class='ocrx_word' id='word_1_174' title='bbox 936 1409 1015 1448; x_wconf 84' lang='lat' dir='ltr'><strong>sive</strong></span> <span class='ocrx_word' id='word_1_175' title='bbox 1033 1410 1150 1448; x_wconf 84' lang='lat' dir='ltr'><strong>habes</strong></span> <span class='ocrx_word' id='word_1_176' title='bbox 1168 1411 1239 1449; x_wconf 90' lang='grc'><strong>311-</strong></span> 
     </span>
     <span class='ocr_line' id='line_1_24' title="bbox 122 1463 1239 1524; baseline 0.001 -22"><span class='ocrx_word' id='word_1_177' title='bbox 122 1477 242 1516; x_wconf 89' lang='lat' dir='ltr'><strong>quam</strong></span> <span class='ocrx_word' id='word_1_178' title='bbox 271 1477 380 1516; x_wconf 90' lang='lat' dir='ltr'><strong>spem</strong></span> <span class='ocrx_word' id='word_1_179' title='bbox 409 1464 457 1502; x_wconf 90' lang='lat' dir='ltr'><strong>de</strong></span> <span class='ocrx_word' id='word_1_180' title='bbox 488 1463 697 1515; x_wconf 77' lang='lat' dir='ltr'><strong>republica,</strong></span> <span class='ocrx_word' id='word_1_181' title='bbox 731 1463 810 1501; x_wconf 82' lang='lat' dir='ltr'><strong>sive</strong></span> <span class='ocrx_word' id='word_1_182' title='bbox 838 1463 1027 1524; x_wconf 44' lang='lat' dir='ltr'><strong>des-peras,</strong></span> <span class='ocrx_word' id='word_1_183' title='bbox 1059 1476 1104 1501; x_wconf 88' lang='lat' dir='ltr'><strong>ea</strong></span> <span class='ocrx_word' id='word_1_184' title='bbox 1131 1477 1239 1515; x_wconf 89' lang='lat' dir='ltr'><strong>para,</strong></span> 
     </span>
     <span class='ocr_line' id='line_1_25' title="bbox 123 1517 1239 1580; baseline 0 -24"><span class='ocrx_word' id='word_1_185' title='bbox 123 1518 321 1566; x_wconf 86' lang='lat' dir='ltr'><strong>meditare,</strong></span> <span class='ocrx_word' id='word_1_186' title='bbox 341 1517 478 1569; x_wconf 89' lang='lat' dir='ltr'><strong>cogita,</strong></span> <span class='ocrx_word' id='word_1_187' title='bbox 498 1531 585 1569; x_wconf 88' lang='lat' dir='ltr'><strong>quae</strong></span> <span class='ocrx_word' id='word_1_188' title='bbox 603 1530 681 1556; x_wconf 64' lang='lat' dir='ltr'><strong>oese</strong></span> <span class='ocrx_word' id='word_1_189' title='bbox 705 1517 746 1555; x_wconf 89' lang='lat' dir='ltr'><strong>in</strong></span> <span class='ocrx_word' id='word_1_190' title='bbox 765 1530 810 1556; x_wconf 85' lang='lat' dir='ltr'><strong>eo</strong></span> <span class='ocrx_word' id='word_1_191' title='bbox 833 1517 907 1556; x_wconf 89' lang='lat' dir='ltr'><strong>civi</strong></span> <span class='ocrx_word' id='word_1_192' title='bbox 924 1530 968 1555; x_wconf 87' lang='lat' dir='ltr'><strong>ac</strong></span> <span class='ocrx_word' id='word_1_193' title='bbox 986 1517 1067 1556; x_wconf 81' lang='lat' dir='ltr'><strong>viro</strong></span> <span class='ocrx_word' id='word_1_194' title='bbox 1084 1517 1239 1580; x_wconf 83' lang='lat' dir='ltr'><strong>debent,</strong></span> 
     </span>
     <span class='ocr_line' id='line_1_26' title="bbox 125 1571 1242 1624; baseline 0 -14"><span class='ocrx_word' id='word_1_195' title='bbox 125 1572 194 1623; x_wconf 84' lang='lat' dir='ltr'><strong>qui</strong></span> <span class='ocrx_word' id='word_1_196' title='bbox 212 1572 260 1610; x_wconf 89' lang='lat' dir='ltr'><strong>sit</strong></span> <span class='ocrx_word' id='word_1_197' title='bbox 277 1571 570 1624; x_wconf 84' lang='lat' dir='ltr'><strong>rempublicam,</strong></span> <span class='ocrx_word' id='word_1_198' title='bbox 593 1571 775 1610; x_wconf 85' lang='lat' dir='ltr'><strong>afflictam</strong></span> <span class='ocrx_word' id='word_1_199' title='bbox 797 1578 836 1609; x_wconf 91' lang='lat' dir='ltr'><strong>et</strong></span> <span class='ocrx_word' id='word_1_200' title='bbox 857 1583 1076 1623; x_wconf 44' lang='lat' dir='ltr'><strong>oppressam</strong></span> <span class='ocrx_word' id='word_1_201' title='bbox 1094 1571 1242 1610; x_wconf 85' lang='lat' dir='ltr'><strong>miseris</strong></span> 
     </span>
     <span class='ocr_line' id='line_1_27' title="bbox 125 1625 1243 1677; baseline 0.001 -13"><span class='ocrx_word' id='word_1_202' title='bbox 125 1626 361 1677; x_wconf 85' lang='lat' dir='ltr'><strong>temporibus</strong></span> <span class='ocrx_word' id='word_1_203' title='bbox 389 1639 432 1664; x_wconf 90' lang='lat' dir='ltr'><strong>ac</strong></span> <span class='ocrx_word' id='word_1_204' title='bbox 450 1625 606 1677; x_wconf 83' lang='lat' dir='ltr'><strong>perditis</strong></span> <span class='ocrx_word' id='word_1_205' title='bbox 623 1625 808 1673; x_wconf 87' lang='lat' dir='ltr'><strong>moribus,</strong></span> <span class='ocrx_word' id='word_1_206' title='bbox 834 1625 876 1662; x_wconf 90' lang='lat' dir='ltr'><strong>in</strong></span> <span class='ocrx_word' id='word_1_207' title='bbox 895 1632 1061 1664; x_wconf 86' lang='lat' dir='ltr'><strong>veterem</strong></span> <span class='ocrx_word' id='word_1_208' title='bbox 1078 1625 1243 1677; x_wconf 87' lang='lat' dir='ltr'><strong>dignita-</strong></span> 
     </span>
     <span class='ocr_line' id='line_1_28' title="bbox 127 1678 932 1719; baseline -0.001 0"><span class='ocrx_word' id='word_1_209' title='bbox 127 1688 207 1719; x_wconf 90' lang='lat' dir='ltr'><strong>tem</strong></span> <span class='ocrx_word' id='word_1_210' title='bbox 225 1692 269 1719; x_wconf 86' lang='lat' dir='ltr'><strong>ac</strong></span> <span class='ocrx_word' id='word_1_211' title='bbox 286 1680 502 1719; x_wconf 87' lang='lat' dir='ltr'><strong>libertatem</strong></span> <span class='ocrx_word' id='word_1_212' title='bbox 520 1679 790 1718; x_wconf 82' lang='lat' dir='ltr'><strong>vindicaturus.</strong></span> <span class='ocrx_word' id='word_1_213' title='bbox 819 1678 932 1718; x_wconf 84' lang='lat' dir='ltr'><strong>Vale.</strong></span> 
     </span>
    </p>
   </div>
   <div class='ocr_carea' id='block_1_6' title="bbox 250 1833 1124 1884">
    <p class='ocr_par' dir='ltr' id='par_1_6' title="bbox 250 1833 1124 1884">
     <span class='ocr_line' id='line_1_29' title="bbox 250 1833 1124 1884; baseline -0.001 -9"><span class='ocrx_word' id='word_1_214' title='bbox 250 1837 333 1884; x_wconf 84' lang='grc'><strong>(6.)</strong></span> <span class='ocrx_word' id='word_1_215' title='bbox 369 1833 431 1874; x_wconf 90' lang='grc' dir='ltr'><strong>Μ.</strong></span> <span class='ocrx_word' id='word_1_216' title='bbox 453 1834 571 1874; x_wconf 85' lang='lat' dir='ltr'><strong>T.c.</strong></span> <span class='ocrx_word' id='word_1_217' title='bbox 602 1833 919 1874; x_wconf 86' lang='lat' dir='ltr'><strong>c.CUR10N1</strong></span> <span class='ocrx_word' id='word_1_218' title='bbox 946 1836 987 1876; x_wconf 89' lang='lat' dir='ltr'>S</span> <span class='ocrx_word' id='word_1_219' title='bbox 1008 1836 1055 1875; x_wconf 85' lang='lat' dir='ltr'><strong>P.</strong></span> <span class='ocrx_word' id='word_1_220' title='bbox 1069 1835 1124 1875; x_wconf 90' lang='lat' dir='ltr'><strong>D.</strong></span> 
     </span>
    </p>
   </div>
   <div class='ocr_carea' id='block_1_7' title="bbox 130 1942 1251 2158">
    <p class='ocr_par' dir='ltr' id='par_1_7' title="bbox 130 1942 1251 2158">
     <span class='ocr_line' id='line_1_30' title="bbox 188 1942 1245 1997; baseline 0.002 -16"><span class='ocrx_word' id='word_1_221' title='bbox 188 1945 513 1997; x_wconf 80' lang='lat' dir='ltr'><strong>(Argumentum.</strong></span> <span class='ocrx_word' id='word_1_222' title='bbox 525 1942 767 1991; x_wconf 89' lang='lat' dir='ltr'><strong>—Curioni,</strong></span> <span class='ocrx_word' id='word_1_223' title='bbox 805 1955 854 1981; x_wconf 83' lang='lat' dir='ltr'><strong>ex</strong></span> <span class='ocrx_word' id='word_1_224' title='bbox 882 1943 982 1982; x_wconf 66' lang='lat' dir='ltr'><strong>Ama</strong></span> <span class='ocrx_word' id='word_1_225' title='bbox 1012 1943 1245 1993; x_wconf 85' lang='lat' dir='ltr'><strong>adventanti,</strong></span> 
     </span>
     <span class='ocr_line' id='line_1_31' title="bbox 133 1998 1251 2063; baseline 0 -26"><span class='ocrx_word' id='word_1_226' title='bbox 133 1999 296 2037; x_wconf 86' lang='lat' dir='ltr'><strong>Milonis</strong></span> <span class='ocrx_word' id='word_1_227' title='bbox 327 2010 495 2046; x_wconf 88' lang='lat' dir='ltr'><strong>causam,</strong></span> <span class='ocrx_word' id='word_1_228' title='bbox 527 1998 769 2035; x_wconf 88' lang='lat' dir='ltr'><strong>consulatum</strong></span> <span class='ocrx_word' id='word_1_229' title='bbox 797 1998 975 2063; x_wconf 81' lang='lat' dir='ltr'><strong>petentis,</strong></span> <span class='ocrx_word' id='word_1_230' title='bbox 1006 1998 1251 2050; x_wconf 85' lang='lat' dir='ltr'><strong>diligentissi-</strong></span> 
     </span>
     <span class='ocr_line' id='line_1_32' title="bbox 134 2031 1251 2113; baseline 0 -23"><span class='ocrx_word' id='word_1_231' title='bbox 134 2065 198 2090; x_wconf 89' lang='lat' dir='ltr'><strong>me</strong></span> <span class='ocrx_word' id='word_1_232' title='bbox 226 2051 482 2113; x_wconf 86' lang='lat' dir='ltr'><strong>commendat,</strong></span> <span class='ocrx_word' id='word_1_233' title='bbox 506 2058 550 2089; x_wconf 93' lang='lat' dir='ltr'><strong>ut</strong></span> <span class='ocrx_word' id='word_1_234' title='bbox 574 2051 712 2102; x_wconf 83' lang='lat' dir='ltr'><strong>gratia,</strong></span> <span class='ocrx_word' id='word_1_235' title='bbox 744 2064 823 2102; x_wconf 73' lang='lat' dir='ltr'><strong>qua¹</strong></span> <span class='ocrx_word' id='word_1_236' title='bbox 849 2052 1064 2103; x_wconf 89' lang='lat' dir='ltr'><strong>plurimum</strong></span> <span class='ocrx_word' id='word_1_237' title='bbox 1076 2031 1251 2104; x_wconf 46' lang='lat' dir='ltr'><strong>”polleag</strong></span> 
     </span>
     <span class='ocr_line' id='line_1_33' title="bbox 130 2105 1249 2158; baseline -0.001 -12"><span class='ocrx_word' id='word_1_238' title='bbox 130 2106 354 2157; x_wconf 85' lang='lat' dir='ltr'><strong>petitionem</strong></span> <span class='ocrx_word' id='word_1_239' title='bbox 367 2106 450 2156; x_wconf 88' lang='lat' dir='ltr'><strong>ejus</strong></span> <span class='ocrx_word' id='word_1_240' title='bbox 461 2105 641 2156; x_wconf 84' lang='lat' dir='ltr'><strong>adjuvet·</strong></span> <span class='ocrx_word' id='word_1_241' title='bbox 630 2133 643 2153; x_wconf 91' lang='lat'>‚</span> <span class='ocrx_word' id='word_1_242' title='bbox 657 2118 735 2157; x_wconf 92' lang='lat' dir='ltr'><strong>quo</strong></span> <span class='ocrx_word' id='word_1_243' title='bbox 746 2105 844 2158; x_wconf 89' lang='lat' dir='ltr'><strong>ipso,</strong></span> <span class='ocrx_word' id='word_1_244' title='bbox 865 2118 943 2146; x_wconf 88' lang='lat' dir='ltr'><strong>non</strong></span> <span class='ocrx_word' id='word_1_245' title='bbox 962 2113 1042 2146; x_wconf 85' lang='lat' dir='ltr'><strong>tam</strong></span> <span class='ocrx_word' id='word_1_246' title='bbox 1059 2106 1249 2146; x_wconf 88' lang='lat' dir='ltr'><strong>Milonem</strong></span> 
     </span>
    </p>
   </div>
  </div>
 </body>
</html>
