1501 2407
252 102 331 140 228
432 102 515 141 AD
544 101 840 142 DIVERSOS.
871 102 970 141 Lm.
992 100 1116 141 VIII.
1147 103 1185 139 8.

247 209 473 261 Aliquando
492 217 635 259 tamen,
656 224 755 262 saepe
772 224 813 249 re
831 209 950 248 dilata
968 217 1006 248 et
1022 209 1186 261 graviter
1209 207 1308 257 acta,
1327 214 1365 247 et

246 264 361 314 plane
378 266 574 316 perspecta
593 265 665 304 Cn.
686 264 864 316 Pompeii
882 264 1078 302 voluntate
1102 263 1142 300 in
1164 275 1251 300 eam
1275 275 1363 314 par·-

247 324 340 365 tem,
362 325 406 356 ut
424 332 515 357 eum
533 319 710 358 decedere
735 326 821 370 post
840 318 1028 356 Calendas
1054 316 1219 354 Martias
1236 317 1362 368 place-

248 378 319 413 ret.
352 374 752 419 senatus-consultum,
788 372 891 424 quod
918 372 989 410 tibi
1006 370 1110 418 misi,
1129 371 1273 409 factum
1293 377 1364 418 est,

248 426 565 478 auctoritatesque
583 426 809 479 perscriptae.

304 483 332 502 “
346 480 384 518 S.
400 480 444 518 C.
461 482 673 519 auctoritas.
706 480 833 518 Pridie
846 479 927 518 Cal.
942 479 1081 518 Octob.
1095 478 1136 516 in
1147 477 1228 516 aede
1239 477 1365 529 Apol-

247 532 335 571 linis
355 533 549 572 scribendo
564 535 756 572 affuerunt
768 534 816 571 L.
830 533 1042 581 Domitius,
1059 532 1131 570 Cn.
1147 532 1192 570 F.
1206 532 1367 569 Aheno-

248 587 403 634 barbus,
425 588 476 634 Q.
499 588 687 635 Caecilius,
709 587 760 635 Q.
782 588 827 625 F.
844 588 1028 625 Metellus
1041 586 1136 624 Pius
1155 585 1295 637 Scipio,
1312 585 1363 623 L.

248 639 408 687 Villius,
435 641 482 678 L.
504 642 549 679 F.
572 643 700 679 Pomt.
727 642 907 687 Annalis,
937 641 981 679 C.
1003 640 1224 691 Septimius,
1244 639 1295 677 T.
1315 639 1364 677 F.

249 693 428 743 Quirina,
447 696 491 732 C.
510 695 696 733 Lucceius
717 696 760 733 C.
782 695 827 733 F.
850 696 949 746 Pup.
972 695 1126 740 Hirrus,
1148 693 1193 732 C.
1214 693 1366 732 Scribo-

247 747 349 796 nius,
371 749 415 786 C.
437 749 482 786 F.
506 750 601 800 Pop.
623 749 755 795 Curio,
777 749 825 786 L.
846 748 1015 796 Atteius,
1037 748 1086 785 L.
1110 748 1159 785 F.
1185 747 1267 785 An.
1288 747 1364 786 Ca'-

247 802 342 852 pito,
363 802 424 839 M.
446 802 612 854 Oppius,
635 803 696 840 Μ.
717 803 761 840 F.
781 802 1003 841 Terentina.
1037 801 1155 849 Quod
1173 801 1235 839 Μ.
1255 801 1366 839 Mar-

250 855 369 892 cellus
382 857 513 894 consul
528 859 642 895 verba
650 857 742 894 fecit
761 857 807 895 de
818 856 1021 908 provinciis
1033 855 1308 902 consularibus,
1321 854 1368 892 de

248 909 294 946 ea
312 922 352 947 re
371 909 423 948 ita
443 919 682 957 censuerunt,
714 911 771 948 uti
802 911 850 949 L.
876 910 1037 957 Paulus,
1070 909 1115 947 C.
1139 909 1366 955 Marcellus,

249 963 436 1011 consules,
468 978 557 1002 cum
587 965 854 1016 magistratum
883 964 1056 1012 inissent,
1084 976 1120 1001 a.
1140 963 1177 1000 d.
1207 962 1248 1000 X
1280 963 1364 1001 Cal.

250 1015 371 1054 Mart.
392 1031 479 1069 quae
497 1019 538 1056 in
558 1032 627 1056 suo
645 1018 871 1069 magistratu
890 1018 1031 1056 futurae
1050 1025 1184 1059 essent,
1208 1016 1256 1055 de
1280 1029 1372 1054 con-

250 1071 438 1109 sularibus
458 1073 658 1123 provinciis
674 1073 723 1110 ad
742 1081 915 1111 senatum
930 1072 1136 1117 referrent;
1166 1084 1260 1109 neve
1274 1070 1370 1122 quid

250 1124 357 1175 prius
377 1138 423 1163 ex
445 1127 623 1164 Calendis
644 1126 763 1164 Mart.
780 1139 874 1165 neve
893 1126 988 1177 quid
1006 1125 1240 1175 conjunctim
1258 1124 1306 1162 de
1325 1124 1371 1162 ea

250 1191 291 1216 re
305 1179 506 1218 referretur
524 1193 546 1217 a
565 1180 808 1226 consulibus;
837 1180 986 1232 utique,
1002 1181 1085 1230 ejus
1096 1179 1150 1217 rei
1163 1178 1288 1227 causa,
1304 1191 1373 1229 per

252 1231 332 1270 dies
351 1234 557 1272 comitiales
576 1242 749 1272 senatum
764 1235 960 1280 haberent,
982 1236 1021 1272 S.
1042 1234 1094 1281 Q.
1115 1234 1159 1271 C.
1182 1233 1368 1272 facerent:

253 1293 304 1333 et,
325 1299 414 1324 cum
433 1288 483 1326 de
500 1288 545 1325 ea
564 1302 603 1326 re
618 1288 667 1326 ad
685 1297 861 1327 senatum
880 1288 1080 1326 referretur
1097 1301 1120 1325 a
1138 1287 1371 1334 consulibus,

252 1352 384 1378 eorum
405 1342 472 1392 qm·
490 1342 529 1379 in
550 1342 652 1381 CCC
669 1343 862 1391 judicibus
880 1349 1016 1389 essent,
1037 1354 1104 1379 sex
1122 1341 1307 1378 adducere
1325 1339 1372 1377 li-

253 1402 363 1432 ceret.
409 1395 450 1434 Si
463 1396 558 1447 quid
570 1396 616 1434 de
629 1395 672 1434 ea
685 1409 725 1433 re
745 1396 793 1434 ad
808 1396 996 1447 populum
1012 1395 1061 1433 ad
1079 1395 1278 1446 plebemve
1296 1394 1375 1432 lato

253 1460 350 1498 opus
370 1456 478 1496 esset,
500 1450 556 1488 uti
576 1451 655 1488 Ser.
681 1450 893 1501 Sulpicius,
907 1449 968 1487 M.
994 1449 1217 1496 Marcellus,
1238 1460 1373 1486 consu—-

254 1501 324 1549 les,
345 1510 536 1553 praetores,
557 1504 777 1554 tribunique
801 1503 938 1555 plebis,
960 1503 1098 1554 quibus
1117 1515 1249 1541 eorum
1271 1501 1373 1540 vide-

255 1562 373 1604 retur,
395 1557 443 1594 ad
462 1557 650 1608 populum
675 1558 876 1608 plebemve
894 1557 1098 1595 referrent:
1129 1556 1233 1608 quod
1251 1555 1279 1592 ii
1296 1567 1374 1593 non

254 1609 444 1657 tulissent,
459 1611 529 1657 uti,
539 1612 772 1663 quicumque
784 1611 958 1662 deinceps
970 1619 1106 1659 essent,
1123 1610 1172 1648 ad
1185 1609 1374 1662 populum

254 1663 455 1714 plebemve
473 1664 654 1702 ferrent.'’

312 1715 362 1766 [“
384 1718 432 1755 L.
446 1719 522 1769 V.]
553 1719 657 1756 Prid.
679 1719 836 1757 Calend.
854 1718 992 1758 octob.
1010 1718 1049 1756 in
1069 1718 1149 1757 aede
1160 1716 1369 1769 Apollinis,

254 1772 451 1810 scribendo
469 1772 676 1821 affuerunt,
697 1773 745 1810 L.
765 1772 976 1820 Domitius,
992 1773 1064 1811 Cn.
1082 1773 1127 1810 F.
1140 1772 1370 1811 Ahenobar-

254 1826 342 1871 bus,
373 1825 426 1872 Q.
454 1825 644 1874 Caecilius,
676 1826 729 1874 Q.
750 1827 796 1864 F.
826 1827 1012 1865 Metellus
1031 1827 1125 1864 Pius
1144 1825 1285 1877 Scipio,
1316 1824 1367 1862 L.

253 1877 412 1925 Villius,
434 1880 482 1917 L.
503 1880 549 1917 F.
578 1881 706 1918 Pomt.
729 1881 910 1928 Annalis,
938 1880 984 1919 C.
1002 1880 1222 1931 Septimius,
1242 1879 1294 1916 T.
1318 1878 1364 1916 F.

255 1931 435 1981 Quirina,
466 1933 512 1972 C.
541 1933 773 1983 Scribonius,
806 1935 850 1973 C.
878 1935 926 1973 F.
955 1935 1051 1985 Pop.
1073 1933 1204 1980 Curio,
1226 1933 1274 1971 1..
1294 1932 1372 1970 At-

254 1986 365 2034 teius,
387 1987 436 2024 L.
455 1988 501 2025 F.
522 1989 603 2025 An.
622 1988 774 2039 Capito,
796 1988 860 2026 M.
875 1988 1044 2039 Oppius,
1072 1987 1134 2024 M.
1159 1987 1204 2024 F.
1226 1987 1373 2024 Teren-

254 2038 346 2076 tina.
377 2040 496 2088 Quod
515 2042 576 2079 M.
602 2042 812 2080 Marcellus
830 2043 964 2080 consul
981 2043 1096 2080 verba
1113 2041 1201 2078 fecit
1219 2040 1266 2078 de
1284 2052 1372 2091 pro-

254 2093 401 2142 vinciis,
421 2094 469 2131 de
495 2095 540 2133 ea
558 2108 598 2132 re
611 2095 665 2132 ita
684 2103 924 2144 censuerunt,
948 2103 1122 2133 senatum
1143 2094 1373 2139 existimare,

255 2147 449 2186 neminem
470 2161 616 2196 eorum,
638 2149 706 2200 qui
723 2156 950 2200 potestatem
964 2149 1131 2187 habeant
1144 2147 1378 2186 interceden-

255 2199 309 2248 di,
329 2199 577 2253 impediendi,
592 2215 741 2242 moram
761 2203 893 2243 afferre
907 2209 1092 2255 oportere,
1108 2201 1314 2254 quominus
1329 2199 1377 2238 de
