1481 2422
271 94 354 134 AD
381 93 680 134 DIVERSOS.
710 93 812 132 1118.
832 91 936 132 XII.
965 94 1032 132 25.
1132 91 1212 132 389

90 202 352 254 libertatisque
369 201 598 241 eommunis.
631 201 707 241 Sed
736 201 820 240 haec
838 213 993 254 quoque
1011 209 1049 240 te
1065 214 1115 240 ex
1128 201 1214 240 aliis

91 258 207 296 malo.

146 312 198 350 T.
222 309 807 357 Pinarium,.familiarissimum
831 322 979 357 meum,
1009 316 1116 348 tanto
1141 309 1214 349 tibi

92 365 219 405 studio
238 364 478 413 commendo,
502 372 547 404 ut
564 365 710 414 majore
727 377 804 403 non
830 364 984 418 possim.
1015 364 1104 413 Cui,
1126 377 1216 403 cum

91 427 246 472 propter
278 433 410 458 omnes
443 419 615 465 virtutos,
648 427 732 458 tum
763 419 878 458 etiam
907 425 1062 470 propter
1092 418 1219 457 studia

92 474 327 523 eommunia,
363 486 450 512 sum
483 473 749 512 amicissimus.
778 473 820 512 Is
849 480 1026 525 procurat
1055 473 1219 512 rationes

93 529 323 580 negotiaque
334 528 514 580 Dionysii
528 528 660 577 nostri,
675 541 791 581 quem
804 536 841 567 et
853 535 896 566 tu
909 528 1080 565 multum
1095 540 1218 576 amas,

93 590 131 622 et
156 596 226 634 ego
250 583 427 621 omnium
449 583 677 634 plurimum.
717 582 779 621 Ea
806 582 878 621 tibi
900 595 970 633 ego
995 593 1073 619 non
1099 582 1219 620 debeo

92 637 385 676 commendare:
415 636 482 676 sed
507 637 734 676 commendo
752 645 894 676 tamen.
934 636 1068 674 Facies
1085 635 1216 687 igitur,

92 698 138 730 ut
165 704 214 730 ex
240 691 400 739 Pinarii,
429 691 636 742 gratissimi
662 691 842 739 hominis,
871 690 1004 738 literis,
1034 700 1149 728 tuum
1182 698 1220 729 et

91 757 183 796 erga
199 745 313 784 illum
332 753 370 784 et
388 758 479 798 erga
489 744 725 798 Dionysium
743 746 914 785 studium
930 744 1216 798 perspiciamus.

93 798 204 839 vale.

197 965 311 1018 (25.)
341 964 405 1004 M.
417 965 468 1004 T.
485 965 532 1005 C.
561 966 601 1005 S.
616 966 663 1004 P.
681 965 734 1004 D.
765 962 1123 1005 CORNIFICIO.

148 1073 477 1126 (Argumentum.
493 1096 546 1104 -—
560 1074 627 1114 Ex
661 1074 780 1113 literis
817 1072 1015 1113 Cornificii
1051 1073 1221 1112 senatus-

92 1128 312 1167 consultum
332 1129 480 1168 factum
493 1142 572 1168 aese
585 1129 771 1181 significat
785 1143 795 1166 :
816 1136 862 1167 ut
875 1128 916 1166 in
927 1141 1010 1166 rem
1024 1127 1222 1180 publicam

94 1182 307 1232 incumbat,
335 1183 510 1222 hortatur
526 1198 537 1222 ε
568 1184 734 1223 Lucceio
753 1196 793 1222 se
817 1182 929 1222 nulla
945 1181 987 1221 in
1005 1195 1048 1222 re
1066 1181 1222 1221 defutu-

92 1249 182 1274 rum
199 1237 434 1289 pollicetur.)

148 1344 394 1385 Liberalibus
412 1346 541 1385 literas
561 1347 688 1399 accepi
711 1355 811 1394 tuas,
843 1359 940 1398 quas
967 1344 1067 1384 mihi
1087 1344 1223 1384 Corni-

93 1399 203 1439 ficius
232 1400 351 1439 altero
373 1401 553 1440 vicesimo
583 1401 658 1449 die,
688 1410 733 1439 ut
762 1401 924 1448 dicebat,
955 1399 1131 1439 reddidit.
1162 1399 1225 1438 Eo

93 1454 157 1492 die
174 1467 252 1493 non
270 1454 346 1493 fuit
364 1464 532 1503 senatus,
564 1468 689 1507 neque
716 1455 879 1507 postero.
909 1453 1222 1506 Quinquatribus

93 1508 286 1560 frequenti
315 1518 449 1548 senatu
479 1523 633 1548 causam
660 1517 764 1548 tuam
799 1509 873 1560 egi,
903 1521 982 1548 non
1000 1508 1122 1547 invita
1140 1508 1224 1546 Mi-

92 1563 222 1601 nerva.
252 1563 412 1602 Etenim
441 1577 485 1602 eo
513 1564 596 1615 ipso
626 1564 688 1603 die
706 1575 858 1603 senatus
877 1563 1056 1610 decrevit,
1077 1570 1122 1600 ut
1140 1562 1225 1601 Mi-

95 1629 214 1678 nerva
228 1625 369 1666 nostra,
390 1625 516 1657 custos
527 1618 661 1668 Urbis,
679 1631 799 1671 quam
812 1619 927 1656 turbo
941 1617 1144 1667 dejecerat,
1164 1629 1224 1655 re-

95 1679 328 1710 stitueretur.

151 1725 280 1764 Pansa
297 1733 383 1764 tuas
401 1725 529 1765 literas
542 1727 725 1766 recitavit.
755 1725 906 1776 Magna
920 1726 1070 1764 senatus
1085 1737 1224 1776 appro-

93 1779 199 1819 batio
217 1787 417 1819 consecuta
428 1788 496 1829 est,
511 1793 600 1819 cum
619 1793 774 1819 summo
792 1779 948 1831 gaudio,
962 1786 999 1817 et
1017 1779 1224 1817 offensione

97 1833 329 1883 Minotauri,
359 1834 401 1872 id
429 1842 498 1882 est,
527 1834 686 1873 Calvisii
708 1842 746 1873 et
764 1834 900 1872 Tauri.
929 1834 1096 1873 Factum
1121 1832 1169 1871 de
1186 1840 1225 1871 te

98 1890 488 1927 senatus-consultum
500 1888 767 1928 honorificum.
788 1888 1062 1927 Postulabatur
1076 1894 1222 1936 autem,

98 1949 144 1981 ut
162 1944 277 1981 etiam
296 1943 356 1982 illi
374 1951 620 1982 notarentur:
650 1943 717 1982 sed
735 1944 863 1982 Pansa
881 1941 1114 1981 clementior.

151 1996 255 2049 Ego,
275 1998 332 2036 mi
350 1998 544 2047 Cornifici,
560 2011 638 2051 quo
656 1998 718 2036 die
731 1997 904 2050 primum
922 1997 964 2035 in
983 2008 1091 2048 spem
1109 1995 1227 2034 liber-

100 2050 189 2089 tatis
217 2051 408 2102 ingressus
441 2065 544 2100 sum,
576 2059 627 2101 et,
657 2051 924 2092 cunctantibus
944 2049 1101 2100 caeteris,
1131 2063 1165 2088 a.
1186 2048 1226 2087 d.

105 2104 221 2143 XIII
240 2106 324 2145 Cal.
351 2107 381 2145 J
383 2119 444 2145 an.
463 2106 717 2145 fundamenta
731 2106 808 2156 jeci
825 2105 1059 2157 reipublicae,
1081 2117 1125 2143 eo
1142 2104 1229 2155 ipso

100 2159 164 2198 die
180 2160 331 2212 providi
348 2161 535 2210 multum,
554 2169 670 2213 atque
686 2160 807 2200 habui
824 2160 1013 2199 rationem
1029 2157 1227 2210 dignitatis

102 2222 192 2255 tuae·
222 2214 328 2256 Mihi
347 2215 451 2255 enim
470 2223 527 2256 est
556 2228 729 2257 assensus
754 2221 906 2256 senatus
935 2214 984 2306 dg
1012 2212 1228 2255 obtinendis

862 2270 888 2307 2
909 2279 934 2308 L
