1501 2407
207 85 283 124 128
405 83 488 123 AD
520 84 821 125 DIVERSOS.
857 85 954 124 Lm.
975 85 1028 123 V.
1062 86 1124 123 12.

204 193 370 233 ostendis
388 200 427 232 te
441 207 520 233 esse
534 193 743 243 facturum,
764 201 894 233 tamen
911 194 1086 246 ignoscas
1103 192 1221 233 velim
1239 191 1331 232 huic

204 247 438 287 festinationi
455 261 563 287 meae.
607 249 741 288 Genus
774 250 878 287 enim
901 247 1128 300 scriptorum
1156 254 1330 297 tuorum,

206 302 277 341 etsi
301 310 381 341 erat
406 315 556 354 semper
574 316 597 340 a
614 315 679 341 me
696 303 940 342 vehementer
969 308 1246 355 exspectatum,
1272 310 1333 342 ta-

207 369 298 395 men
328 356 418 396 vicit
449 357 669 409 opinionem
698 371 855 403 meam3
884 370 1026 409 meque
1054 356 1110 395 ita
1136 357 1198 396 vel
1216 357 1332 410 cepit,

208 411 270 449 vel
281 411 469 459 incendit,
490 419 533 449 ut
553 425 730 463 cuperem
750 424 869 464 quam
888 411 1083 450 celerrime
1106 423 1166 450 res
1184 418 1334 451 nostras

208 465 454 504 monimentis
482 466 742 504 commendari
765 467 854 504 tuis.
899 466 1041 518 Neque
1060 465 1164 504 enim
1190 478 1255 504 me
1273 479 1335 506 so-

208 519 294 558 lum
324 520 634 559 commemoratio
662 520 893 572 posteritatis
917 520 967 558 ad
995 532 1101 572 spem
1123 519 1336 572 quamdam

209 574 507 613 immortalitatis
526 575 651 626 rapit;
683 575 748 613 sed
767 575 883 613 etiam
902 574 970 613 illa
989 573 1191 626 cupiditas,
1210 582 1257 613 ut
1274 574 1336 614 vel

212 629 434 667 auctoritate
452 629 661 667 testimonii
689 629 760 676 tui,
792 629 852 667 vel
880 628 1021 667 indicio
1045 629 1335 679 benevolentiae,

214 683 274 721 vel
293 683 478 722 suavitate
491 683 649 734 ingenii,
670 683 748 721 vivi
765 683 1022 735 perfruamur.

268 738 410 789 Neque
429 744 573 785 tamen,
593 737 674 775 haec
693 750 782 775 cum
801 737 1028 784 scribebam,
1049 749 1153 776 eram
1172 737 1336 786 nescius,

212 792 368 843 quantis
396 792 573 829 oneribus
605 804 818 843 premerere
843 798 1106 843 susceptarum
1135 804 1280 839 rerum,
1301 800 1339 831 et

208 846 292 894 jam
311 847 587 884 institutarum.
618 845 707 894 Sed,
729 845 821 898 quia
838 845 1031 895 videbam,
1046 844 1173 884 Italici
1190 846 1283 885 belli
1301 853 1342 886 et

211 901 333 940 civilis
344 900 544 938 historiam
560 901 644 949 jam
659 913 681 938 a
695 907 732 938 te
750 912 860 952 paene
879 913 957 939 esse
976 899 1210 951 perfectam3
1230 900 1340 940 dixe-

213 970 273 996 ras
293 962 422 993 autem
445 954 557 1000 mihi,
578 962 616 992 te
638 954 805 1006 reliquas
834 967 894 993 res
923 953 1066 1001 ordiri3
1095 954 1224 993 deesse
1241 954 1341 994 mihi

213 1010 335 1057 nolui,
356 1009 452 1061 quin
470 1016 507 1046 te
526 1008 789 1058 admonerem,
809 1016 854 1047 ut
872 1008 1069 1060 cogitares,
1089 1010 1342 1059 conjunctene

211 1065 346 1103 malles
369 1076 459 1102 cum
484 1062 641 1114 reliquis
670 1064 783 1102 rebus
809 1070 939 1102 nostra
953 1071 1167 1112 contexere,
1196 1076 1247 1102 an
1278 1066 1342 1108 (ut

212 1119 329 1157 multi
349 1116 474 1156 Graeci
493 1117 677 1164 fecerunt,
699 1117 952 1156 Callisthenes
971 1117 1160 1157 Troicum
1173 1118 1340 1179 bellum,

214 1175 388 1212 Timaeus
408 1172 563 1234 Pyrrhi,
585 1171 771 1223 Polybius
785 1171 1099 1210 Numantinum·
1087 1201 1099 1218 ‚
1120 1172 1189 1224 qui
1207 1185 1342 1212 omnes

215 1242 239 1267 a
256 1234 389 1280 perpet
376 1226 450 1265 uis
468 1227 546 1264 suis
563 1226 730 1264 historiis
750 1240 808 1274 ea,
828 1240 916 1278 quae
944 1225 1041 1274 dixi,
1060 1226 1164 1265 bella
1189 1239 1342 1279 separa-

217 1290 369 1327 verunt)
390 1289 433 1318 tu
466 1293 622 1332 quoque
651 1280 745 1319 item
771 1281 922 1319 civilem
954 1280 1258 1331 conjurationem
1291 1282 1341 1321 ab

218 1336 420 1375 hostilibus
435 1334 678 1386 externisque
696 1335 806 1373 benis
819 1336 1029 1386 sejungere.

274 1389 471 1442 Equidem
497 1388 546 1426 ad
563 1397 732 1427 nostram
752 1389 910 1427 laudem
935 1401 1013 1427 non
1040 1389 1213 1428 multum
1232 1389 1344 1429 video

218 1445 396 1483 interesse
411 1457 421 1481 ε
453 1442 518 1481 sed
537 1443 587 1481 ad
604 1444 910 1495 properationem
929 1456 1059 1482 meam
1078 1443 1265 1496 quiddam
1283 1444 1344 1482 in-

218 1506 346 1546 terest,
373 1510 451 1536 non
470 1504 508 1535 te
533 1505 764 1549 exspectare,
789 1498 884 1535 dum
904 1497 953 1536 ad
971 1498 1101 1536 locum
1129 1497 1281 1544 venias3
1301 1511 1348 1538 ac

217 1553 348 1591 statim
364 1564 518 1590 causam
536 1551 645 1590 illam
660 1559 781 1590 totam
796 1559 833 1590 et
847 1559 1000 1604 tempus
1015 1551 1191 1604 arripere.
1220 1527 1281 1591 Et'
1295 1553 1347 1591 si-

218 1607 319 1653 mul,
340 1607 371 1645 si
390 1619 468 1644 uno
487 1606 527 1643 in
547 1614 790 1658 argumento,
810 1619 964 1658 unaque
977 1605 1020 1644 in
1038 1606 1215 1658 persona,
1235 1619 1348 1646 mens

220 1669 289 1700 tua
307 1668 386 1699 tota
404 1661 636 1707 versabitur3
658 1673 769 1699 cerno
785 1662 868 1710 jam
887 1661 1030 1710 animo,
1052 1667 1198 1713 quanto
1215 1661 1348 1700 omnia

220 1715 397 1754 uberiora
415 1723 530 1766 atque
548 1715 738 1753 ornatiora
756 1714 888 1753 futura
903 1715 990 1754 sint.

275 1770 417 1821 Neque
446 1776 576 1807 tamen
601 1769 748 1820 ignoro,
779 1782 898 1821 quam
928 1769 1174 1832 impudenter
1190 1769 1346 1821 faciam,

220 1824 290 1876 qui
322 1824 494 1875 primum
531 1824 601 1862 tibi
633 1831 785 1862 tantum
811 1824 935 1862 oneris
957 1823 1171 1875 imponam,
1206 1827 1349 1876 (potest

221 1879 327 1917 enim
345 1877 443 1915 mihi
461 1877 647 1928 denegare
665 1878 863 1930 occupatio
890 1885 975 1924 tua)
994 1878 1132 1917 deinde
1150 1878 1281 1927 etiam,
1302 1886 1348 1919 ut

221 1946 332 1971 ornes
352 1945 430 1979 me,
450 1932 655 1983 postulem.
684 1932 808 1980 Quid,
829 1932 861 1970 si
878 1932 947 1971 illa
964 1928 1038 1971 tibi
1054 1945 1133 1971 non
1152 1940 1349 1985 tantopere

223 1987 400 2026 videntur
418 1986 620 2026 ornanda?
650 1987 725 2025 Sed
750 1995 894 2034 tamen,
923 1986 992 2038 qui
1020 1987 1139 2025 semel
1166 2000 1350 2026 verecun-

222 2041 297 2079 diae
315 2041 410 2079 fines
424 2040 629 2089 transierit,
647 2054 738 2079 eum
755 2042 853 2079 bene
873 2048 910 2079 et
936 2040 1084 2079 naviter
1101 2048 1249 2093 oportet
1269 2054 1351 2080 oese

222 2095 501 2148 impudentem.
532 2096 670 2147 Itaque
684 2102 722 2134 te
739 2096 855 2147 plane
873 2095 989 2134 etiam
1008 2102 1125 2148 atque
1152 2095 1269 2135 etiam
1287 2109 1350 2135 ro-

222 2163 287 2199 go,
308 2157 352 2188 ut
371 2157 408 2187 et
422 2162 531 2188 ornoe
549 2163 594 2188 ea
620 2149 882 2189 vehementius
901 2149 1032 2197 etiam,
1053 2162 1173 2202 quam
1192 2149 1351 2189 fortasse

225 2204 357 2253 sentis,
383 2204 478 2243 etin
497 2216 542 2244 eo
560 2204 663 2256 leges
690 2204 856 2245 historiae
881 2203 1078 2258 negligam
1107 2203 1349 2257 gratiamque
