1501 2407
210 110 256 147 18
427 109 509 147 AD
539 109 836 150 DIVERSOS.
867 109 967 148 Lux.
990 110 1024 148 Ι.
1054 114 1114 151 9..

205 218 252 255 tis
270 219 384 256 rebus
403 231 511 257 meus
529 219 790 257 offendebatur
816 219 982 266 animus,
1001 231 1106 268 curn,
1133 226 1170 259 te
1188 228 1323 273 agente

205 272 252 309 de
266 272 414 323 reliqua
433 273 561 311 nostra
579 272 778 323 dignitate,
799 280 867 310 aut
885 273 1031 311 occulta
1049 275 1324 315 nonnullorum

205 325 305 372 odia,
328 334 394 364 aut
412 328 571 365 obscura
590 327 630 364 in
649 339 711 364 me
726 327 864 374 studia,
892 329 1103 365 cernebam.
1134 329 1241 368 Nam
1259 343 1327 369 ne-

206 393 281 429 que
301 379 347 418 de
366 380 611 419 monimentis
636 380 732 418 meis
754 382 802 418 ab
827 381 874 419 iis
896 380 1051 430 adjutus
1070 395 1121 429 es,
1143 397 1166 420 a
1184 384 1326 435 quibus

206 433 385 481 debuisti,
407 448 531 486 neque
553 435 600 472 de
619 435 658 472 vi
681 434 840 482 nefaria,
861 435 940 486 qua
965 448 1053 473 cum
1078 436 1195 475 fratre
1219 451 1325 476 eram

206 487 321 526 domo
351 489 546 540 expulsus,
574 501 699 540 neque
733 489 919 534 (hercule)
946 489 986 526 in
1009 489 1054 526 iis
1076 490 1167 541 ipsis
1197 493 1324 539 rebus,

206 554 308 592 quae,
339 556 577 594 quamquam
607 552 713 580 erant
742 543 839 580 mihi
864 551 1017 594 propter
1046 544 1100 582 rei
1129 544 1328 585 familiaris

206 595 406 647 naufragia
424 597 654 643 necessariae,
668 604 796 634 tamen
809 610 832 634 a
845 609 908 634 me
923 597 1074 635 minimi
1092 601 1328 649 putabantur

206 649 246 686 in
278 651 374 688 meis
405 650 570 698 damnis,
598 664 645 688 ex
677 650 898 688 auctoritate
928 654 1077 689 senatus
1107 653 1326 703 sarciendis,

207 715 290 741 eam
310 705 560 752 voluntatem,
582 717 700 756 quam
719 704 994 755 exspectaram,
1013 707 1280 755 praestiterunt.

263 757 364 804 Quae
379 771 468 796 cum
480 758 647 796 viderem
660 761 801 809 (neque
813 759 916 796 enim
928 767 1034 796 erant
1045 761 1235 811 obseura),
1248 774 1326 800 non

207 818 336 850 tamen
356 819 435 850 tam
454 814 587 850 acerba
605 812 702 849 mihi
719 812 800 850 haec
819 812 1053 860 accidebant,
1080 827 1199 865 quam
1219 823 1326 855 erant

206 865 274 902 illa
292 874 412 916 grata,
427 879 514 917 quae
525 865 700 904 fecerant.
731 866 884 917 Itaque,
898 879 1136 918 quamquam
1149 877 1186 907 et
1204 869 1324 908 Pom-

206 919 292 970 peio
309 920 538 970 plurimum,
557 928 595 958 te
614 919 770 971 quidem
792 920 875 971 ipso
891 920 1136 970 praedicatore
1157 935 1202 961 ac
1214 930 1322 973 teste,

207 973 408 1021 debebam,
435 981 473 1012 et
501 987 605 1022 eum,
631 986 709 1012 non
732 974 857 1012 solum
882 974 1078 1024 beneficio,
1102 976 1166 1014 sed
1196 991 1326 1017 amore

206 1026 322 1064 etiam
349 1035 385 1065 et
402 1034 585 1079 perpetuo
608 1027 777 1079 quodam
795 1028 939 1077 judicio
961 1041 1062 1076 meo,
1091 1029 1325 1081 diligebam;

206 1088 350 1129 tamen,
371 1094 448 1120 non
467 1089 646 1133 reputans
659 1082 753 1133 quid
770 1082 835 1120 ille
846 1083 971 1129 vellet,
985 1083 1025 1120 in
1039 1084 1218 1124 omnibus
1232 1086 1328 1126 meis

207 1136 401 1174 sententiis
420 1136 467 1174 de
492 1136 688 1187 republica
712 1136 882 1187 pristinis
903 1139 1187 1188 permanebam.
1220 1140 1323 1191 Ego,

206 1189 358 1228 sedente
378 1190 449 1228 Cn.
472 1190 671 1241 Pompeio,
693 1203 796 1238 cum,
811 1198 856 1228 ut
872 1190 1045 1229 laudaret
1063 1192 1110 1230 P.
1131 1193 1322 1245 Sextium,

206 1242 397 1282 introisset
414 1245 455 1282 in
474 1244 637 1288 Urbem,
661 1244 892 1296 dixissetque
905 1244 1009 1283 testis
1021 1245 1216 1294 Vatinius,
1244 1261 1321 1298 me,

207 1296 359 1336 fortuna
377 1306 414 1336 et
432 1298 609 1336 felicitate
634 1298 679 1336 C.
702 1298 860 1337 Caesaris
878 1305 1130 1346 commotum,
1151 1300 1208 1339 illi
1227 1302 1324 1341 ami-

207 1363 297 1389 cum
321 1365 400 1390 esse
425 1352 602 1402 coepisse3
633 1352 728 1400 dixi,
757 1365 820 1390 me
847 1365 932 1391 eam
949 1353 1084 1391 Bibuli
1110 1354 1320 1406 fortunam,

205 1419 325 1456 quam
343 1406 408 1444 ille
419 1406 599 1444 afflictam
613 1413 776 1457 putaret,
793 1407 969 1445 omnium
986 1407 1191 1460 triumphis
1206 1410 1323 1450 victo-

204 1460 346 1510 riisque
373 1460 584 1498 anteferre:
623 1460 795 1511 dixique,
825 1460 959 1499 eodem
986 1468 1092 1510 teste,
1122 1462 1197 1502 alio
1223 1465 1321 1515 loco,

205 1514 354 1552 eosdem
377 1527 468 1561 esse,
489 1514 557 1565 qui
568 1514 759 1552 Bibulum
773 1515 875 1553 exire
893 1514 1008 1553 domo
1025 1516 1321 1569 prohibuissent,

207 1575 245 1606 et
264 1568 331 1619 qui
347 1581 409 1606 me
428 1568 646 1619 coegissent.
676 1568 779 1606 Tota
790 1581 879 1607 vero
896 1568 1140 1620 interrogatio
1157 1585 1245 1611 mea
1262 1574 1323 1612 ni-

206 1621 263 1659 hil
280 1622 429 1670 habuit,
449 1622 522 1660 nisi
541 1622 869 1674 reprehensionem
887 1622 991 1661 iuius
1010 1624 1224 1666 tribunatus
1238 1642 1250 1666 z
1280 1627 1322 1667 in

206 1689 283 1727 quo
302 1676 430 1714 omnia
449 1676 549 1714 dicta
561 1684 650 1714 sunt
667 1677 840 1715 libertate
858 1677 1063 1730 animoque
1076 1680 1262 1732 maximo,
1275 1682 1324 1722 de

204 1730 256 1779 vi,
273 1731 320 1769 de
338 1730 530 1782 auspiciis,
551 1730 598 1768 de
616 1730 817 1769 donatione
834 1744 1052 1783 regnortun.

257 1786 398 1836 Neque
427 1797 515 1823 vero
544 1784 616 1823 hac
645 1784 685 1822 in
715 1785 830 1824 causa
858 1785 987 1833 modo,
1017 1786 1083 1825 sed
1109 1797 1322 1830 constanter

203 1853 303 1891 saepe
331 1839 372 1876 in
395 1846 540 1876 senatu.
575 1838 814 1887 Quinetiam,
835 1840 1064 1880 Marcellino
1083 1850 1120 1880 et
1138 1843 1322 1897 Philippo

204 1893 437 1940 consulibus,
458 1892 583 1931 Nonis
601 1893 729 1944 April.
752 1894 850 1932 mihi
873 1902 927 1933 est
955 1902 1106 1934 senatus
1133 1909 1319 1949 assensus,

206 1954 250 1985 ut
268 1947 316 1985 de
333 1960 424 1998 agro
436 1946 648 1998 Campano,
668 1946 860 1999 frequenti
879 1956 1026 1994 senatu,
1047 1949 1182 1989 Idibus
1201 1953 1320 1992 Maiis

203 2001 415 2040 referretur.
446 2001 558 2040 Num
582 2001 690 2052 potui
713 2002 836 2052 magis
860 2002 901 2040 in
927 2016 1051 2041 arcem
1076 2004 1180 2042 illius
1199 2019 1320 2046 causae

203 2055 411 2102 invadere,
427 2062 493 2093 aut
522 2055 644 2106 magis
673 2055 843 2094 oblivisci
870 2063 1088 2108 temporum
1115 2071 1318 2106 meorum3

203 2109 421 2148 meminisse
432 2108 625 2148 actionum
640 2112 657 2148 ?
679 2109 765 2147 Hac
777 2124 799 2147 a
813 2122 875 2147 me
886 2112 1072 2150 sententia
1084 2112 1199 2161 dicta,
1212 2127 1320 2166 mag.

204 2175 277 2201 nus
305 2163 522 2202 animorum
541 2163 664 2201 factus
690 2171 745 2201 est
773 2171 915 2212 motus,
945 2178 1035 2202 cum
1057 2179 1205 2215 eorum,
1225 2181 1322 2219 quo-

202 2229 288 2256 rum
307 2217 487 2270 oportuit,
508 2225 593 2256 tum
607 2217 763 2257 illorum
783 2218 912 2268 etiam,
933 2232 1099 2272 quorum
1117 2233 1319 2274 nunquam
