1481 2422
251 107 333 146 360
443 104 526 144 AD
554 104 852 146 DIVERSOS.
883 106 984 145 Lm.
1011 105 1114 145 XII.
1144 108 1182 144 2.

248 215 373 267 regios
391 227 525 254 omnes
544 222 662 254 nutus
680 222 848 254 tuemur.
887 216 1029 268 Neque
1047 228 1137 254 vero
1159 213 1201 253 id
1219 213 1343 253 solum
1359 227 1372 259 3

249 270 316 308 sed
335 269 465 317 etiam,
495 284 583 322 quae
601 270 682 322 ipse
711 271 790 318 ille,
823 270 856 309 si
874 270 1030 319 viveret,
1060 282 1138 308 non
1156 269 1310 316 faceret,
1330 281 1376 306 ea

246 337 330 373 nos,
351 323 462 376 quasi
480 324 643 376 cogitata
661 326 709 363 ab
728 325 810 372 illo,
830 326 1050 377 probamus.
1081 323 1124 362 N
1127 337 1168 363 ec
1186 325 1269 374 ejus
1288 323 1375 374 qui-

245 379 336 417 dem
355 379 409 416 rei
427 377 544 416 finem
560 379 680 417 video.
711 379 876 417 Tabulae
891 379 1086 430 figuntur:
1108 377 1373 416 immunitates

245 433 410 471 dantur:
440 433 612 484 pecuniae
630 433 814 471 maximae
833 433 1122 472 describuntur:
1153 431 1302 471 exsules
1314 444 1373 470 re-

246 487 464 526 ducuntur:
489 488 832 526 senatus-consulta
850 487 946 526 falsa
964 487 1206 532 referuntur3
1226 494 1272 524 ut
1289 493 1375 524 tan-

243 542 447 580 tummodo
465 541 598 580 odium
623 541 721 579 illud
740 541 908 580 hominis
932 541 1092 593 impuri,
1119 548 1157 580 et
1180 539 1376 580 servitutis

244 596 354 634 dolor
372 595 556 647 depulsus
575 608 655 634 esse
674 595 867 649 videatur-3
890 596 1105 647 respublica
1118 596 1243 645 jaceat
1259 595 1301 633 in
1313 594 1375 633 his

246 649 613 702 perturbationibus,
634 650 674 687 in
690 663 785 701 quas
805 663 890 689 eam
909 651 975 689 ille
995 651 1167 701 conjecit.

306 705 405 743 Haec
419 704 550 742 omnia
568 704 675 742 vobis
693 713 783 743 sunt
802 704 1063 757 expedienda:
1093 717 1163 743 nec
1180 704 1254 744 hoc
1272 704 1377 756 cogi·

245 759 425 806 tandum,
447 759 534 797 satis
550 759 633 808 jam
652 759 792 798 habere
811 759 1089 811 rempublicam
1101 773 1125 798 a
1138 759 1256 798 vobis.
1288 759 1374 797 Ha·-

243 815 309 852 bet
328 813 395 851 illa
414 813 573 864 quidem
592 821 758 860 tantum,
781 821 971 865 quantum
990 826 1194 866 nunquam
1211 813 1311 852 mihi
1329 813 1370 851 in

243 875 417 906 mentem
429 867 533 905 venit
551 874 706 919 optare;
738 868 804 907 sed
822 875 1002 907 contenta
1019 881 1097 907 non
1116 876 1197 915 oet3
1227 876 1279 918 et,
1302 881 1375 920 pro

244 921 513 973 magnitudine
527 929 564 960 et
583 922 703 960 animi
722 930 759 961 et
777 922 952 961 beneficii
966 923 1093 972 vestri,
1107 936 1131 961 a
1141 923 1250 962 vobis
1263 935 1375 974 mag-

244 988 297 1014 na
315 976 514 1014 desiderat.
558 976 700 1015 Adhuc
719 977 802 1015 ulta
827 990 914 1016 suas
932 977 1094 1027 injurias
1122 984 1178 1016 est
1203 990 1274 1030 per
1291 989 1372 1024 vos,

243 1030 401 1069 interitu
414 1031 592 1082 tyranni·
623 1031 722 1069 nihil
740 1031 921 1083 amplius.
951 1031 1194 1071 Ornamenta
1205 1044 1294 1070 vero
1306 1045 1376 1070 sua

247 1098 335 1136 quae
354 1085 626 1136 recuperavit?
657 1098 721 1134 an,
751 1086 857 1138 quod
875 1086 910 1124 ei
928 1094 1082 1125 mortuo
1108 1093 1229 1138 paret,
1258 1098 1375 1138 quem

246 1139 380 1178 vivum
399 1139 497 1178 ferre
515 1152 592 1178 non
611 1143 790 1191 poterat?
821 1141 931 1190 cujus
945 1154 1019 1179 aera
1037 1140 1194 1192 refigere
1212 1140 1376 1179 debeba-

244 1206 350 1241 mus,
372 1194 454 1243 ejus
474 1194 590 1232 etiam
605 1194 858 1246 chirographa
875 1195 1145 1234 defendimus?

297 1248 358 1286 At
376 1248 480 1286 enim
499 1248 553 1287 ita
564 1248 814 1287 decrevimus.
844 1249 1024 1288 Fecimus
1036 1249 1077 1287 id
1091 1249 1264 1301 quidem,
1278 1257 1375 1292 tem-

241 1302 399 1353 poribus
412 1302 598 1342 cedentes.
590 1316 697 1355 quae
709 1316 732 1340 v
733 1303 861 1341 alent
851 1316 891 1341 m
906 1316 946 1342 re
960 1303 1117 1355 publica
1130 1304 1371 1356 plurimum.

243 1356 310 1394 sed
327 1356 579 1395 immoderate
609 1356 771 1408 quidam
793 1364 831 1395 et
860 1358 1008 1408 ingrate
1032 1358 1164 1397 nostra
1192 1357 1373 1398 facilitate

243 1411 470 1448 abutuntur.
501 1410 652 1449 Verum
671 1410 753 1449 haec
771 1412 994 1463 propediem
1017 1419 1054 1449 et
1071 1412 1198 1450 multa
1215 1412 1292 1451 alia
1309 1426 1372 1452 co—

243 1477 341 1502 ram.
383 1464 546 1503 Interim
566 1465 619 1503 sic
644 1464 714 1503 tibi
733 1466 973 1529 persuadeas,
1000 1466 1100 1504 mihi
1118 1469 1225 1510 (cum
1243 1467 1373 1520 reipu-

243 1519 369 1564 blicae,
391 1531 510 1570 quam
530 1531 679 1570 semper
697 1519 819 1559 habui
842 1520 1091 1568 carissimam,
1121 1528 1207 1559 tum
1232 1522 1373 1560 amoris

242 1572 376 1620 nostri,
398 1571 531 1622 causa)
551 1573 735 1613 maximae
763 1586 864 1613 curae
892 1587 972 1614 esse
990 1582 1100 1613 tuam
1130 1574 1372 1627 dignitatem

242 1625 308 1666 Da
326 1639 481 1679 operam
494 1634 537 1666 ut
555 1628 691 1667 valeas.

395 1797 481 1845 (2.)
511 1796 574 1835 Μ.
590 1797 641 1837 Τ.
659 1797 705 1837 C.
734 1797 782 1838 C.
805 1796 1007 1839 CASSIO
1037 1799 1078 1839 S.
1102 1800 1149 1839 P.
1169 1799 1223 1839 D.

300 1903 628 1955 (Argumentum.
649 1928 701 1936 —
715 1906 920 1946 Invehitur
933 1907 974 1945 in
991 1907 1158 1948 Antonii
1172 1908 1372 1951 ximmode-

243 1966 367 1997 ratam
386 1959 624 2011 potentiam‚
613 1974 624 1984 ·
655 1960 787 2014 reique
804 1961 971 2013 publicae
989 1969 1133 2001 statum
1146 1962 1335 2002 describit.
1341 1962 1359 2020 )

296 2066 558 2107 Vehementer
575 2067 699 2117 laetor,
719 2069 791 2108 tibi
815 2069 970 2122 probari
988 2070 1217 2110 sententiam
1237 2077 1274 2110 et
1288 2083 1372 2110 ora-

242 2120 387 2160 tionem
414 2133 570 2168 meam3
600 2136 681 2175 qua
697 2123 731 2162 si
749 2124 888 2176 saepius
916 2124 975 2163 uti
992 2124 1134 2172 liceret,
1155 2125 1253 2164 nihil
1276 2134 1372 2164 oeset

241 2175 400 2226 negotii,
420 2175 637 2215 libertatem
656 2184 694 2215 et
712 2178 993 2230 rempublicam
1019 2191 1254 2231 recuperare.
1293 2179 1371 2219 Sed

231 2229 363 2268 homo
381 2242 515 2269 amens
539 2238 575 2270 et
606 2230 791 2283 perditus,
812 2233 1013 2284 multoque
1042 2233 1217 2287 nequior,
1250 2234 1370 2286 qua'm
