1481 2422
186 73 267 110 262
378 73 463 113 AD
492 75 791 116 DIVERSOS.
822 76 924 115 1113.
954 75 1033 115 IX.
1062 75 1125 113 15.

188 184 277 228 ταῶ,
304 195 421 231 quam
441 185 531 236 tibi]
552 193 790 237 perspectam
809 198 889 224 esse
906 184 1068 236 gaudeo.
1094 182 1171 222 Sed
1197 181 1314 235 (mihi

185 233 314 284 crede)
331 248 408 275 non
427 238 599 289 perinde,
615 248 661 278 ut
679 248 734 278 est
748 239 893 292 reapse,
907 253 956 278 ex
969 238 1088 278 literis
1102 236 1314 289 perspicere

183 289 356 338 potuisti.
396 292 520 341 Nam,
552 306 643 332 cum
671 307 695 332 a
720 294 810 332 satis
837 293 971 332 multis
991 296 1085 335 (non
1105 292 1208 330 enim
1226 303 1315 342 POS-

185 355 274 381 sum
292 344 402 383 aliter
419 346 561 397 dicere)
584 356 621 386 et
639 349 712 387 coli
726 362 789 387 me
802 348 967 395 videam,
988 354 1026 385 et
1044 345 1178 397 dffigi3
1199 357 1316 383 nemo

187 404 243 434 est
260 397 416 438 illorum
442 403 619 440 omnium
638 403 734 440 mihi
754 410 792 441 te
806 401 1024 452 jucundior.
1066 401 1188 448 Nam,
1209 397 1314 452 quod

184 461 249 488 me
268 464 388 501 amas,
411 455 515 506 quod
540 456 579 494 id
601 464 638 494 et
653 457 887 508 jampridem
907 465 945 495 et
962 462 1177 494 constanter
1205 452 1314 513 facis,

185 512 242 543 est
260 505 301 543 id
320 508 478 558 quidem
507 522 710 561 magnum,
732 519 847 562 atque
875 509 981 548 haud
1011 509 1088 548 scio
1114 520 1165 546 an
1189 519 1316 545 mam·

185 569 324 606 mum;
356 562 422 600 sed
441 563 511 601 tibi
531 577 736 603 commune
755 578 845 602 cum
856 563 1016 602 multis:
1048 562 1153 615 quod
1171 569 1214 600 tu
1232 561 1314 613 ipse

183 618 265 651 tam
283 616 472 655 amandus
487 630 539 664 eS,
561 625 720 670 tamque
731 619 867 665 dulcis,
888 625 1046 669 tamque
1064 617 1105 654 in
1124 616 1232 655 omni
1249 628 1316 667 ge-

186 678 277 706 nere
291 669 501 719 jucundus,
522 671 564 709 id
583 679 639 710 est
657 673 809 724 proprie
836 681 964 710 tuum.

240 723 458 773 Accedunt,
479 737 557 764 non
576 726 716 774 Attici,
738 727 804 765 sed
831 726 1002 765 salsiores
1021 738 1140 778 quam
1158 724 1218 763 illi
1243 722 1318 762 At-

184 774 364 825 ticorum,
386 778 558 817 Romani
588 789 730 819 veteres
759 788 876 832 atque
907 780 1047 819 urbani
1080 780 1187 818 sales.
1228 778 1317 829 Ego

184 837 317 868 autem
342 832 570 881 (existimes,
604 835 706 882 licet,
728 835 834 886 quod
852 836 977 883 lubet)
1003 834 1163 872 mirifice
1191 833 1320 884 capior

184 883 344 932 facetiis,
365 887 537 926 maxime
555 889 789 927 nostratibus
804 903 816 936 3
846 888 1058 941 praesertim
1077 900 1168 926 cum
1186 900 1249 926 eas
1261 886 1318 924 vi-

185 937 299 976 deam
311 940 485 990 primum
504 942 640 981 oblitas
653 943 784 991 Latio,
799 951 901 992 tum,
915 955 1006 982 cum
1017 942 1059 980 in
1072 944 1209 981 urbem
1228 953 1317 978 nos-

184 999 286 1030 tram
316 1002 373 1032 fflt
402 995 531 1034 infusa
567 998 828 1049 peregrinitas,
849 1010 954 1036 nunc
972 1009 1061 1036 vero
1086 996 1201 1034 etiam
1231 996 1318 1033 bra-

185 1045 306 1085 chatis
333 1057 370 1087 et
395 1049 663 1102 Transalpinis
682 1052 917 1101 nationibus,
945 1058 991 1090 ut
1008 1051 1164 1089 nullum
1182 1049 1318 1089 veteris

186 1099 327 1151 leporis
347 1103 552 1155 vestigium
580 1114 773 1157 appareat.
814 1107 969 1158 Itaque,
999 1114 1038 1144 te
1067 1117 1158 1144 cum
1192 1103 1316 1152 video,

187 1167 322 1194 omnes
340 1157 438 1195 mihi
451 1158 630 1207 Granios,
647 1173 780 1199 omnes
795 1160 978 1207 Lucilios,
993 1161 1100 1212 (vere
1112 1166 1156 1197 ut
1173 1158 1317 1206 dicam)

189 1210 351 1248 Crassos
370 1225 539 1264 quoque,
561 1222 599 1252 et
616 1214 772 1262 Laelios,
786 1215 914 1254 videre
926 1214 1066 1253 videor.
1087 1212 1252 1261 Moriar,
1268 1212 1316 1260 si,

188 1271 326 1315 praeter
353 1273 405 1314 te,
426 1280 666 1320 quemquam
684 1269 879 1322 reliquum
904 1269 1042 1317 habeo,
1068 1267 1110 1306 in
1134 1280 1213 1319 quo
1231 1278 1319 1318 pos-

187 1317 262 1356 sim
298 1318 511 1371 imaginem
561 1323 731 1374 antiquae
774 1332 812 1362 et
847 1322 1061 1362 vemaculae
1103 1321 1319 1360 festivitatis

186 1385 401 1422 agnoscere.
442 1376 511 1413 Ad
524 1376 595 1415 hos
612 1377 759 1428 lepores
773 1390 863 1416 eum
877 1390 986 1416 amor
998 1390 1088 1428 erga
1104 1388 1169 1414 me
1187 1382 1317 1413 tantus

186 1426 354 1475 accedat,
374 1429 539 1479 miraris,
560 1444 623 1469 me
643 1432 750 1470 tanta
775 1431 1062 1483 perturbatione
1087 1429 1317 1469 valetudinis

186 1487 264 1518 tuae
284 1489 364 1519 tam
380 1484 545 1533 graviter
564 1485 830 1523 exanimatum
849 1485 968 1523 fuisse
980 1487 998 1524 Ρ

240 1534 359 1581 Quod
383 1545 514 1576 autem
539 1537 659 1576 altera
677 1539 838 1590 epistola
855 1552 999 1590 purgas
1018 1546 1055 1577 te
1073 1550 1151 1576 non
1170 1537 1317 1577 dissua-

185 1600 310 1626 sorem
343 1590 441 1628 mihi
471 1592 648 1631 emtionis
674 1594 943 1645 Neapolitanae
968 1593 1100 1641 fuisse,
1135 1591 1201 1630 sed
1226 1605 1317 1631 auc-

186 1649 307 1680 torem
335 1647 645 1685 commorationis
662 1649 847 1694 urbanae;
878 1660 1004 1698 neque
1031 1659 1101 1698 ego
1127 1646 1236 1684 aliter
1254 1659 1316 1684 ac-

186 1696 282 1748 cepi.
314 1697 495 1738 Intellexi
515 1708 644 1739 tamen
662 1701 780 1750 idem,
795 1701 899 1754 quod
914 1702 974 1740 his
988 1701 1161 1751 intelligo
1178 1699 1313 1747 literis,

186 1763 265 1788 non
285 1752 523 1792 existimasse
542 1762 594 1802 te,
615 1755 713 1793 mihi
741 1756 856 1795 licere
885 1755 956 1804 (id,
985 1755 1090 1807 quod
1118 1767 1188 1805 ego
1213 1755 1316 1793 arbi-

188 1804 333 1855 trabar)
355 1819 414 1845 res
439 1807 508 1846 has
537 1821 617 1847 non
646 1810 805 1849 omnino
835 1809 1007 1862 quidem,
1035 1809 1102 1847 sed
1130 1820 1313 1859 magnam

187 1867 352 1909 partem,
383 1861 610 1914 relinquere.
659 1863 846 1902 Catulum
875 1863 974 1902 mihi
1001 1876 1146 1909 narras,
1179 1871 1217 1900 et
1248 1862 1316 1900 illa

189 1920 374 1965 tempora.
422 1915 532 1964 Quid
562 1917 718 1957 simile?
756 1919 820 1956 Ne
837 1917 936 1955 mihi
955 1917 1113 1969 quidem
1132 1916 1205 1967 ipsi
1223 1924 1316 1955 tunc

188 1967 376 2017 placebat,
398 1969 543 2009 diutius
562 1973 692 2010 abesse
717 1974 765 2011 ab
784 1972 1004 2023 reipublicae
1022 1970 1206 2010 custodia,
1247 1972 1315 2009 Se-

188 2020 375 2061 debamus
388 2024 492 2062 enim
510 2025 552 2063 in
569 2025 708 2077 puppi,
725 2034 762 2065 et
774 2026 926 2065 clavum
942 2027 1189 2064 tenebamus:
1212 2036 1317 2063 nunc

186 2083 319 2114 autem
333 2076 398 2115 vix
417 2087 473 2116 est
491 2078 530 2116 in
550 2080 702 2118 sentina
718 2081 836 2119 lo'cus.
878 2080 948 2118 An
966 2079 1097 2118 minus
1115 2078 1240 2117 multa
1257 2091 1316 2117 se-

187 2132 493 2170 natas-consulta
522 2132 655 2172 futura
686 2142 815 2186 putas,
854 2134 887 2173 si
919 2147 990 2186 ego
1022 2133 1096 2172 sim
1116 2132 1283 2184 Neapoli
1297 2135 1315 2170 Ρ

188 2183 329 2222 Romae
351 2198 441 2224 cum
472 2199 573 2236 sum,
601 2196 638 2226 et
671 2201 789 2239 urgeo
808 2188 953 2237 forum,
973 2187 1317 2227 senatus-consulta
