1501 2407
199 87 276 124 132
386 85 472 124 AD
502 84 801 125 DIVERSOS.
831 84 934 124 1113.
966 83 1069 125 VII.
1102 85 1137 122 l.

190 194 353 234 bianum
385 194 600 247 perforasti,
626 200 664 233 et
691 193 903 246 patefecisti
935 193 1134 242 Seianum,
1161 203 1231 244 per
1257 202 1323 230 eos

193 249 273 288 dies
313 250 506 288 matutina
541 257 717 311 tempora
756 248 997 287 lectiunculis
1039 245 1319 291 consumseris;

192 316 284 343 cum
307 304 367 342 1111
395 304 553 352 interea,
581 304 649 356 qui
671 311 709 342 te
735 303 822 342 istic
839 303 1087 355 reliquerant,
1108 306 1322 354 spectarent

192 370 417 398 communes
442 358 582 397 mimos
612 358 847 396 semisomni.
878 358 1066 409 Reliquas
1083 369 1173 395 vero
1193 361 1321 407 partes

191 412 268 451 diei
286 420 330 451 111
349 414 599 453 consumebas
612 412 673 451 his
691 412 1018 459 delectationibus,
1036 424 1132 463 quas
1150 409 1222 449 tibi
1239 409 1322 461 ipse

191 466 242 505 ad
260 467 463 506 arbitrium
481 474 596 506 tuum
626 467 893 517 compararas3
923 467 1033 505 nobis
1052 472 1184 504 autem
1211 470 1320 502 erant

193 534 237 559 ea
266 521 526 574 perpetienda,
556 535 644 574 quae
672 520 813 560 scilicet
837 521 905 573 Sp.
933 520 1100 559 Maecius
1123 517 1322 572 probavis-

193 583 262 614 set.

246 630 436 679 Omnino,
472 630 504 670 si
533 629 686 683 quaeris,
716 629 801 668 ludi
828 628 1124 682 apparatissimi,
1154 626 1220 666 sed
1244 638 1324 666 non

191 684 250 722 tui
265 685 475 724 stomachi·
507 686 764 735 conjecturam
776 685 881 723 enim
895 684 993 723 facio
1007 684 1055 722 de
1065 695 1166 721 meo.
1195 682 1320 730 Nam,

191 739 379 790 primum,
410 740 565 778 honoris
585 752 697 777 causa
714 738 755 776 in
775 751 929 777 scenam
947 738 1138 776 redierant
1161 736 1204 784 11,
1224 749 1323 788 quos

192 806 263 844 ego
276 794 431 832 honoris
443 807 557 832 causa
571 793 618 832 de
630 793 743 832 scena
757 792 957 831 decessisse
968 792 1193 831 arbitrabar.
1210 790 1322 829 Deli-

193 848 261 886 ciae
280 861 368 886 vero
383 856 473 896 tuae,
491 856 617 886 noster
631 848 817 899 AEsopus,
832 847 1022 897 ejusmodi
1036 846 1127 894 fuit,
1142 852 1188 884 ut
1202 845 1236 884 ei
1254 845 1323 884 de-

193 903 315 940 sinere
336 915 405 954 per
423 915 555 941 omnes
573 902 748 940 homines
766 902 908 940 liceret.
939 902 980 940 Is
992 902 1122 951 jurare
1140 913 1230 939 cum
1249 913 1323 938 coe-

188 956 321 1007 pisset,
335 970 411 995 vox
427 970 516 995 eum
529 956 666 995 defecit
680 956 721 994 in
740 956 808 994 illo
822 957 920 1003 loco,
952 957 980 978 “
994 955 1037 994 Si
1051 955 1170 994 sciens
1184 954 1322 993 fallo.'’

194 1010 305 1058 Quid
323 1011 393 1049 tibi
420 1025 489 1063 ego
508 1011 584 1049 alia
602 1024 754 1049 narrem
768 1013 786 1050 Ρ
815 1010 916 1049 nosti
941 1010 1044 1048 enim
1070 1009 1238 1061 reliquos
1260 1009 1324 1047 lu-

194 1065 292 1111 dos,
282 1079 291 1088 ·
323 1065 391 1117 qui
422 1079 469 1104 ne
506 1066 546 1103 id
583 1065 741 1117 quidem
778 1065 918 1117 leporis
946 1064 1183 1111 habuerunt,
1218 1063 1325 1116 quod

193 1120 315 1158 solent
332 1121 540 1159 mediocres
554 1120 650 1158 ludi.
679 1122 906 1171 Apparatus
926 1119 1031 1158 8111111
1051 1118 1234 1171 spectatio
1248 1118 1323 1157 tol-

191 1174 296 1212 lebat
326 1188 480 1213 omnem
514 1175 772 1213 hilaritatem:
819 1186 896 1226 quo
927 1173 1086 1226 quidem
1120 1179 1322 1224 apparatu,

192 1241 271 1267 non
300 1229 449 1276 dubito,
481 1230 576 1281 quin
605 1229 735 1267 animo
760 1228 979 1280 aequissimo
1005 1228 1182 1267 carueris
1213 1226 1325 1275 Quid

195 1285 299 1322 enim
331 1284 592 1322 delectationis
617 1283 761 1322 habent
792 1283 960 1321 sexcenti
984 1283 1085 1321 muli
1108 1282 1149 1320 in
1179 1281 1324 1343 Clytie-.-

192 1339 390 1376 mnestra.
382 1341 398 1365 ⁹
442 1347 510 1376 aut
541 1339 580 1376 in
620 1351 719 1390 equo
760 1337 932 1387 Trojano
975 1335 1207 1388 [ceti-arum]
1250 1336 1325 1375 tria

191 1392 349 1431 millia?
380 1401 448 1431 aut
481 1400 675 1430 armatura
708 1392 812 1430 varia
841 1391 1032 1444 peditatus
1062 1400 1100 1430 et
1132 1390 1325 1443 equitatus

190 1446 232 1484 in
248 1447 378 1499 aliqua
397 1458 564 1499 pugna.
594 1460 681 1498 quae
700 1447 928 1498 popularem
948 1445 1325 1484 admirationemha-

191 1502 388 1547 buerunt;
418 1501 708 1540 delectationem
728 1501 798 1540 tibi
817 1501 967 1539 nullam
986 1500 1215 1539 attulissent.

246 1555 366 1603 Quod
385 1557 416 1594 si
443 1564 484 1594 tu
504 1570 572 1607 per
592 1569 654 1594 eos
679 1556 758 1594 dies
778 1569 935 1607 operam
955 1555 1094 1593 dedisti
1115 1553 1325 1606 Protogeni

191 1616 274 1657 tuo,
308 1611 536 1653 (dummodo
566 1611 599 1648 is
632 1610 703 1648 tibi
740 1610 892 1661 quidvis
923 1609 1052 1662 potius
1087 1621 1207 1661 quam
1239 1622 1327 1647 ora-

192 1664 314 1702 tiones
345 1678 451 1704 meas
481 1665 632 1717 legerit)
658 1677 719 1703 nae
745 1672 788 1702 tu
811 1664 918 1702 haud
943 1664 1060 1716 paulo
1079 1664 1183 1715 plus,
1203 1676 1324 1715 quam

193 1718 400 1770 quisquam
414 1722 602 1767 nostrum,
620 1719 880 1758 delectationis
894 1718 1077 1757 habuisti.
1106 1718 1202 1756 Non
1220 1718 1326 1756 enim

192 1780 231 1811 te
260 1782 356 1834 puto
388 1774 541 1812 Graecos
567 1782 635 1812 aut
660 1773 782 1813 Oscos
810 1773 923 1812 ludos
957 1772 1195 1819 desiderare3
1224 1785 1325 1824 prae-

192 1828 323 1866 sertim
343 1842 432 1867 cum
453 1828 574 1867 Oscos
591 1827 704 1867 ludos
726 1827 810 1866 vel
800 1839 840 1865 m
860 1835 993 1867 senatu
1013 1835 1142 1866 nostro
1156 1833 1326 1879 spectare

192 1882 313 1933 possis
330 1897 343 1927 ς
375 1883 529 1921 Graecos
549 1883 602 1922 ita
631 1895 708 1921 non
732 1895 851 1929 ames,
878 1890 923 1920 ut
942 1895 991 1920 ne
1009 1881 1059 1920 ad
1078 1881 1212 1920 villam
1236 1881 1325 1933 qui-

192 1936 282 1974 dem
302 1944 412 1975 tuam
431 1937 495 1976 via
527 1936 662 1975 Graeca
691 1937 745 1975 ire
771 1937 904 1975 soleas.
935 1937 1042 1974 Nam
1071 1935 1168 1987 quid
1196 1948 1268 1987 ego
1286 1943 1326 1974 te

191 1991 355 2030 athletas
384 2001 519 2044 putem
546 1991 773 2040 desiderare,
801 1991 871 2043 qui
895 1991 1124 2043 gladiatores
1153 1998 1325 2029 contem-

190 2045 314 2085 seris?
343 2047 384 2084 111
405 2046 549 2098 quibus
566 2046 649 2097 ipse
670 2046 880 2098 Pompeius
899 2045 1102 2084 confitetur
1119 2057 1159 2083 se
1177 2052 1217 2083 et
1235 2057 1326 2097 ope-

187 2112 272 2138 ram
292 2108 330 2139 et
348 2101 480 2140 oleum
498 2100 724 2152 perdidisse.

241 2155 421 2207 Reliquae
446 2164 541 2194 sunt
566 2155 786 2194 venationes
810 2154 913 2194 binae
933 2168 1003 2207 per
1027 2154 1110 2194 dies
1135 2153 1323 2207 quinque,

185 2209 427 2260 magnifieae;
459 2222 577 2250 nemo
599 2217 728 2262 negat.
757 2209 834 2250 Sed
848 2223 938 2263 quae
947 2208 1325 2263 pomthominiesse

629 2311 651 2328 δ
