1501 2407
293 454 362 503 M.
396 451 619 500 TULLII
658 449 1016 498 CICERONIS

370 581 947 634 EPISTULARUM

465 712 548 751 AD
576 710 861 752 DIVERSOS

540 823 694 862 LIBER
727 821 786 860 II.

588 941 739 973 *v

244 1045 331 1096 (1.)
360 1041 422 1081 M.
444 1042 496 1081 T.
516 1042 561 1081 c.
602 1042 642 1081 s.
662 1041 716 1080 D.
758 1039 805 1080 c,
826 1041 1085 1082 CURIONI.

164 1153 488 1206 (Argumentum.
503 1150 785 1188 -Accusatus
803 1163 826 1188 a
845 1150 1012 1189 Curione
1030 1151 1225 1202 negligen-

103 1207 172 1246 tiae
196 1207 407 1253 literarum,
434 1218 473 1243 se
503 1212 672 1249 excusat,
700 1204 810 1255 eique
837 1204 941 1255 quod
964 1206 1098 1243 absens
1121 1219 1225 1243 sum-

108 1274 215 1300 mam
233 1259 388 1298 laudem
402 1266 621 1297 consecutus
634 1257 695 1305 sit,
711 1258 945 1308 gratulatum
962 1258 1225 1310 hortaturque,

108 1323 167 1362 ut,
195 1327 313 1366 quam
338 1312 572 1359 concitasset,
605 1311 875 1362 exspectationi
899 1312 959 1349 sui
987 1312 1227 1364 respondeat,

111 1378 149 1408 et
166 1370 310 1419 ipsum,
337 1368 446 1415 cujus
468 1365 631 1404 consiliis
653 1365 703 1403 ad
726 1366 825 1403 hanc
844 1365 1068 1416 dignitatem
1096 1380 1229 1418 perve-

112 1423 224 1472 nerit,
242 1423 325 1472 jam
343 1433 462 1472 prope
481 1427 751 1468 senescentem,
771 1432 900 1458 amore
918 1432 988 1458 suo
1007 1420 1202 1469 oblectet.)

167 1530 422 1581 Quamquam
450 1540 515 1566 me
545 1527 701 1566 nomine
731 1526 974 1579 negligentiae
1011 1535 1230 1579 suspectum

115 1585 186 1624 tibi
204 1596 284 1623 esse
301 1583 425 1631 doleo,
445 1588 677 1628 tamennon
699 1588 781 1619 tam
803 1581 901 1619 mihi
918 1581 1124 1620 molestum
1141 1583 1232 1632 fuit,

116 1637 283 1678 accusari
300 1639 369 1675 abs
387 1643 425 1674 te
443 1636 612 1675 officium
629 1648 776 1684 meum,
797 1648 916 1688 quam
937 1635 1156 1684 jucundum
1174 1650 1235 1676 re-

117 1692 243 1745 quiri3
273 1690 482 1743 praesertim
501 1702 606 1739 cum,
630 1689 671 1727 in
694 1702 771 1740 quo
794 1690 1010 1736 accusabar,
1030 1690 1145 1741 culp&
1170 1704 1236 1729 va-

117 1759 268 1792 carem3
297 1745 339 1782 in
357 1756 435 1796 quo
453 1751 584 1782 autem
601 1742 811 1782 desiderare
825 1750 863 1781 te
882 1743 1120 1794 significabas
1133 1757 1238 1784 meas

114 1801 259 1848 literas,
285 1812 365 1850 prae
389 1805 427 1837 te
454 1798 569 1836 ferres
593 1804 834 1849 perspectum
855 1796 954 1834 mihi
975 1797 1146 1848 quidem,
1175 1799 1240 1838 sed

120 1862 250 1893 tamen
267 1852 420 1891 dulcem
434 1859 472 1890 et
488 1858 677 1903 optatum,
698 1863 867 1889 amorem
886 1858 1012 1889 tuum.
1041 1851 1239 1903 Equidem

122 1908 315 1946 neminem
334 1905 572 1958 praetermisi,
593 1918 708 1957 quem
732 1905 888 1966 quidem
907 1904 956 1942 ad
974 1912 1012 1942 te
1035 1913 1239 1956 perventu-

123 1974 212 2000 rum
229 1968 419 2012 putarem,
441 1959 503 1998 cui
520 1960 647 1998 literas
665 1971 743 1997 non
765 1959 945 1997 dederim.
974 1959 1133 1997 Etenim
1153 1961 1240 2012 quis

124 2022 180 2053 est
198 2022 278 2055 tam
296 2014 338 2052 in
355 2013 554 2052 scribendo
571 2013 748 2065 impiger,
769 2026 887 2064 quam
907 2025 976 2064 ego
987 2012 1005 2049 Ρ
1033 2013 1074 2051 Α
1095 2020 1131 2051 te
1151 2027 1238 2053 vero

125 2069 200 2114 bis,
220 2075 323 2106 terve
342 2080 554 2114 summum,
571 2075 608 2106 et
622 2081 683 2106 eas
698 2068 911 2118 perbreves,
926 2067 1064 2118 accepi.
1094 2066 1239 2116 Quare,

127 2123 159 2161 si
179 2122 335 2174 iniquus
357 2135 396 2161 es
420 2121 461 2160 in
486 2134 549 2160 me
568 2121 705 2171 judex,
733 2120 993 2160 condemnabo
1016 2120 1149 2160 eodem
1175 2134 1246 2172 ego
