1481 2422
323 85 408 125 AD
436 85 736 127 DIVERsos.
767 86 993 126 L113.XII.
1025 87 1088 126 18.
1190 56 1271 127 383

169 195 284 245 (18.)
312 193 528 236 CICERO
548 195 910 291 CORSNEFICIO,
938 195 1240 247 COLLEGAE‚

196 361 524 412 (Argumentum.
536 388 592 396 --
606 361 742 414 Infreq
742 361 916 400 uentiam
935 362 1133 401 literarum
1154 376 1270 402 excu-

139 425 222 455 sat.
264 417 460 456 Cornificii
491 417 739 469 prudentiam
771 416 905 455 laudat
936 417 1265 469 gravitatemque·

137 479 366 523 praesentem
384 471 605 524 reipublicae
629 484 762 512 casum
790 478 957 520 accusat,
987 484 1077 510 cum
1108 472 1269 512 Caesaris

144 525 421 577 excusatione.)

194 635 315 685 Quod
343 642 562 675 extremum
590 635 666 675 fuit
698 637 739 675 in
765 635 810 675 ea
838 635 998 688 epistola
1021 648 1141 688 quam
1168 649 1192 675 3
1229 644 1268 676 te

139 690 317 744 proxime
329 691 471 743 accepi,
485 691 534 729 ad
551 690 593 729 id
611 691 784 743 primum
795 690 1042 743 respondebo.
1071 690 1269 730 Animum

138 745 283 784 adverti
304 745 422 794 enim,
442 746 515 785 hoc
540 758 607 784 vos
636 759 797 798 magnos
828 754 993 784 oratores
1022 745 1145 785 facere
1172 759 1271 785 non-

137 813 354 852 nunquam.
383 775 580 852 E'pistolas
598 801 760 854 requiris
777 813 909 839 111835.
942 813 1011 851 ego
1026 807 1156 839 autem
1168 813 1271 840 nun-

137 867 273 907 quam,
305 868 395 894 cum
420 868 459 893 11
446 855 519 893 1111
549 855 819 894 denuntiatum
840 863 935 894 esset
953 868 976 893 a
994 855 1085 901 tuis,
1116 855 1172 895 ire
1199 857 1270 895 ali-

137 922 271 962 quem,
291 921 368 948 non
388 909 490 949 dedi.
518 909 643 973 Quod·
655 911 753 949 1111111
771 910 901 949 videor
919 922 967 948 ex
982 910 1058 948 tuis
1072 909 1220 949 literis
1208 924 1270 950 111-

137 964 322 1016 telligere,
333 972 370 1003 te
388 965 486 1003 nihil
504 966 802 1004 commissurum
814 978 894 1004 esse
906 972 1063 1012 temere,
1078 977 1149 1003 nec
1164 973 1267 1014 ante,

138 1032 259 1070 quam
282 1021 427 1066 scisses,
458 1032 537 1072 quo
561 1020 632 1059 iste
661 1020 786 1059 nescio
815 1020 884 1071 qui
915 1019 1092 1058 Caeeffius
1123 1019 1270 1059 Bassus

139 1082 372 1126 erumperet,
393 1074 608 1127 quidquam
621 1075 713 1114 certi
725 1075 1024 1114 constituturum
1042 1087 1054 1120 3
1084 1073 1125 1112 id
1140 1088 1210 1126 ego
1230 1083 1268 1114 et

137 1129 348 1180 speraram,
375 1129 581 1181 prudentia
603 1130 672 1168 tua
694 1130 841 1169 fretus:
871 1137 924 1177 et,
947 1136 992 1167 ut
1021 1129 1266 1177 confiderem,

138 1182 312 1222 feoerunt
328 1190 407 1222 tuae
425 1184 651 1235 gratissimae
669 1185 767 1223 mihi
784 1185 928 1223 literae:
958 1183 1076 1235 idque
1089 1190 1135 1221 ut
1152 1183 1269 1224 facias

137 1251 260 1290 quam
277 1238 500 1291 saepissime,
530 1246 576 1277 ut
595 1246 646 1287 et,
667 1239 763 1292 quid
791 1247 835 1278 tu
865 1252 969 1290 agas,
1002 1245 1040 1276 et
1062 1238 1157 1290 quid
1175 1252 1270 1290 aga-

136 1300 216 1341 tur,
237 1292 331 1332 scire
351 1293 512 1346 possim,
532 1300 570 1333 et
588 1294 705 1333 etiam
724 1294 821 1347 quid
839 1302 993 1333 acturus
1011 1292 1078 1343 sis,
1099 1293 1212 1332 valde
1230 1301 1269 1332 te

205 1360 241 1386 0.

134 1360 277 1441 ngtsi
304 1402 510 1456 periniquo
538 1403 712 1455 patiebar
741 1403 885 1451 animo,
916 1410 954 1441 te
979 1416 1002 1441 a
1019 1415 1084 1441 me
1102 1401 1265 1454 digredi,

133 1463 264 1495 tamen
284 1470 328 1496 eo
347 1465 520 1510 tempore
538 1470 602 1497 me
620 1458 856 1506 consolabar,
887 1457 993 1509 quod
1020 1465 1058 1495 et
1086 1456 1128 1495 in
1158 1470 1267 1496 sum-

132 1524 247 1550 mum
265 1511 389 1551 otium
418 1520 455 1551 te
481 1512 537 1551 ire
559 1513 785 1561 arbitrabar,
813 1520 850 1551 et
880 1515 928 1551 ab
953 1511 1268 1564 impendentibus

133 1566 286 1617 magnis
304 1567 467 1619 negotiis
486 1567 690 1606 discedere.
720 1568 945 1619 Utrumque
963 1574 1095 1606 contra
1114 1567 1264 1606 accidit.

134 1621 230 1660 Istic
247 1620 351 1660 enim
370 1622 519 1660 bellum
539 1629 595 1660 est
613 1629 817 1661 exortum:
847 1622 913 1661 hic
931 1635 1010 1674 pax
1035 1629 1263 1660 consecuta.
1252 1635 1263 1644 ·

134 1676 201 1714 sed
219 1683 350 1714 tamen
369 1676 559 1727 ejusmodi
576 1690 670 1728 pax,
690 1676 731 1715 in
746 1691 840 1729 qua,
860 1676 892 1715 si
911 1677 1073 1725 adesses,
1088 1676 1214 1714 multa
1229 1684 1267 1714 te

133 1742 213 1770 non
232 1730 488 1776 delectarent;
518 1744 563 1769 ea
581 1738 726 1779 tamen,
747 1745 836 1784 quae
854 1743 903 1769 ne
920 1731 1052 1783 ipsum
1072 1731 1265 1771 Caesarem

132 1785 293 1837 quidem
307 1785 508 1824 delectant.
537 1786 741 1824 Β8Πο111111
754 1787 859 1825 8111111
874 1786 1046 1825 civilium
1059 1785 1102 1824 hi
1114 1798 1266 1847 semper

132 1839 259 1878 exitus
279 1847 384 1887 sunt,
413 1847 458 1879 ut
477 1852 553 1878 non
573 1853 618 1879 ea
636 1841 762 1879 solum
780 1841 890 1888 fiant,
910 1854 1000 1892 quae
1018 1840 1111 1879 velit
1129 1839 1263 1887 victor,

131 1893 199 1933 sed
218 1893 350 1943 etiam,
369 1902 415 1934 ut
440 1894 487 1933 iis
505 1907 589 1933 mos
607 1895 797 1946 gerendus
815 1897 878 1944 sit,
910 1895 1052 1947 quibus
1079 1894 1266 1944 adjutori-

131 1950 206 1987 bus
225 1948 273 1987 sit
291 1956 401 2000 parta
418 1949 588 1988 victoria.
617 1949 816 2002 Equidem
831 1951 883 1989 sic
898 1951 982 2000 jam
1002 1949 1182 1998 obdurui,
1201 1956 1262 1997 ut,

130 2003 236 2042 ludis
260 2003 422 2042 Caesaris
450 2004 584 2052 nostri,
617 2004 835 2056 aequissimo
863 2004 994 2042 animo
1016 2003 1186 2042 viderem
1209 2003 1262 2042 Τ.

130 2058 339 2106 Plancum,
359 2058 534 2097 audirem
549 2058 706 2097 Laberii
720 2066 758 2098 et
777 2058 911 2098 Ρ111>111
925 2062 1116 2110 poemata.
1146 2057 1262 2096 Nihil

128 2111 230 2150 1111111
243 2119 325 2151 tam
339 2112 468 2152 deesse
486 2112 593 2160 seim,
609 2126 729 2165 quam
742 2114 902 2175 quicum
920 2113 1003 2152 haec
1021 2112 1262 2152 familiariter

128 2165 315 2219 docteque
331 2167 490 2208 rideam.
521 2168 562 2208 Is
577 2174 620 2207 tu
632 2167 719 2215 eris,
733 2168 764 2208 si
776 2181 895 2222 quam
910 2167 1083 2220 primum
1098 2166 1257 2208 veneris.
