1501 2407
246 116 322 156 166
431 115 514 155 AD
541 114 1166 157 DIVERSOs.Lm.vi.10.

243 233 306 264 tus
325 225 502 264 cumulus
520 225 672 265 accedat
689 225 1017 264 commendatione
1027 223 1131 274 mea,
1145 223 1282 277 quanti
1294 236 1358 265 me

238 286 319 372 {ege
337 279 621 373 {Ziemeffigm
650 280 738 319 Hoc
755 280 852 319 mihi
870 279 1015 333 gratius
1032 279 1154 319 facere
1173 278 1271 318 nihil
1287 291 1356 369 po-

395 500 511 548 (10.)
544 499 606 538 M.
619 498 673 538 T.
687 498 733 538 C.
763 496 1070 538 TREBIANO
1096 498 1136 538 S.
1149 497 1203 536 D.

315 607 638 658 (Argumentum.
665 630 720 637 --
742 607 950 647 Pollicetui·
986 606 1110 648 exsuli
1144 605 1352 652 Trebiano,

237 670 430 712 quantum
449 669 597 713 potest3
628 663 690 701 cui
709 662 839 700 iratior
858 662 986 700 Caesar
1010 668 1104 709 erat,
1130 660 1249 713 quod,
1268 666 1355 711 post

243 715 503 754 Pharsalicam
517 729 705 767 pugnam,
726 728 802 754 non
817 723 975 754 cesserat
986 717 1035 755 ab
1049 716 1178 765 armis,
1193 714 1261 754 sed
1275 713 1354 753 bel-

236 768 322 808 lum
341 770 382 807 in
399 769 535 809 Africa
553 776 770 822 persecutus
787 770 941 817 fuerat.)

294 876 382 928 Ego
401 877 535 929 quanti
553 885 590 916 te
608 877 760 925 faciam,
788 890 1014 930 semperque
1030 877 1199 925 fecerim,
1219 875 1355 930 quanti

239 942 303 969 me
321 944 345 969 a
362 938 399 969 te
417 931 499 970 fieri
516 932 782 981 intellexerim,
795 945 882 970 sum
895 932 1013 970 1111111
1003 945 1084 984 ipse
1100 932 1217 971 taetis.
1246 932 1354 970 Nam

238 991 277 1023 et
296 985 497 1024 6011811111111
516 994 643 1035 tuum,
664 986 724 1024 vel
743 999 850 1025 casus
869 986 1009 1038 potius,
1029 985 1223 1024 diutiusin
1238 984 1354 1024 3111118

237 1038 412 1078 civilibus
423 1040 696 1088 commorandi,
707 1052 855 1091 semper
865 1040 963 1078 mihi
975 1053 1113 1091 magno
1120 1039 1240 1078 dolori
1251 1038 1351 1077 fuit:

238 1100 276 1130 et
287 1092 349 1131 hic
361 1101 529 1141 eventus,
540 1094 643 1145 quod
651 1094 808 1141 tardius,
817 1107 935 1145 quam
947 1101 1002 1133 est
1008 1107 1177 1146 aequum,
1187 1100 1224 1132 et
1235 1105 1356 1145 quam

237 1159 309 1197 ego
327 1147 480 1196 vellem,
499 1161 696 1199 recuperas
715 1148 909 1187 fortunam
928 1155 965 1187 et
982 1148 1209 1199 dignitatem
1227 1150 1350 1196 tuam,

237 1200 335 1238 mihi
353 1213 431 1240 non
450 1202 589 1240 minori
602 1215 702 1240 curae
721 1209 790 1251 est,
811 1215 930 1254 quam
948 1202 1018 1241 tibi
1036 1215 1184 1254 semper
1197 1201 1354 1240 fuerunt

236 1267 345 1293 casus
364 1255 452 1294 mei.
482 1256 620 1308 Itaque
639 1263 677 1294 et
696 1257 972 1294 Postumuleno
991 1263 1028 1295 et
1046 1257 1191 1304 Sextio,
1221 1263 1259 1294 et
1282 1268 1354 1294 sae-

227 1308 394 1360 .pissime
411 1310 546 1349 Attico
567 1317 709 1357 nostro,
738 1311 989 1372 proximeque
1007 1310 1196 1359 Theudae,
1215 1310 1354 1349 liberto

234 1371 316 1412 tu0,
330 1371 455 1403 totum
473 1377 536 1402 me
549 1364 722 1416 patefeci,
736 1372 774 1403 et
790 1364 837 1402 iis
858 1364 1018 1416 singulis
1036 1378 1135 1426 saepe
1144 1364 1240 1411 dixi,
1254 1377 1351 1415 qua-

236 1430 402 1469 cumque
421 1431 461 1456 re
478 1431 643 1470 possem,
669 1431 732 1457 me
750 1418 821 1457 tibi
840 1426 876 1457 et
900 1418 1028 1457 liberis
1046 1419 1122 1457 tuis
1141 1417 1354 1457 satisfacere

236 1484 394 1523 cupere:
416 1472 533 1524 idque
551 1479 593 1511 tu
613 1472 662 1511 ad
680 1480 766 1511 tuos
778 1473 894 1512 velim
912 1472 1077 1511 scribas:
1098 1473 1180 1511 haec
1194 1471 1352 1524 quidem

236 1534 349 1574 certe,
371 1540 458 1578 quae
475 1527 515 1565 in
533 1534 718 1578 potestate
735 1526 822 1565 mea
847 1534 951 1574 sunt,
979 1534 1025 1565 ut
1042 1539 1211 1578 operam,
1231 1525 1353 1565 consi·-

235 1579 350 1628 lium,
370 1593 466 1625 rem,
487 1581 603 1619 fidem
630 1594 771 1629 meam,
803 1581 876 1619 sibi
905 1581 955 1620 ad
983 1593 1115 1620 omnes
1143 1594 1202 1619 res
1219 1586 1352 1632 parata

234 1641 384 1686 putent.
413 1635 455 1673 Si
473 1635 694 1674 auctoritate
706 1643 743 1673 et
756 1635 879 1686 gratia
890 1642 1040 1673 tantum
1051 1647 1215 1686 possem,
1228 1646 1352 1686 quan-

235 1695 321 1726 tum
340 1688 381 1726 in
399 1702 445 1727 83
461 1688 670 1741 republica,
690 1690 738 1728 de
756 1703 835 1741 qua
852 1689 906 1728 ita
923 1689 1082 1728 meritus
1107 1701 1210 1738 sum,
1239 1700 1352 1740 posse

234 1741 437 1789 deberem3
468 1752 511 1781 tu
530 1756 682 1795 quoque
700 1743 732 1782 is
752 1756 863 1791 esses,
894 1743 963 1795 qui
987 1743 1107 1791 fuisti,
1137 1756 1228 1782 cum
1245 1741 1352 1781 omni

234 1796 357 1846 gradu
376 1797 613 1857 amplissimo
632 1797 892 1849 dignissimus,
912 1806 998 1836 tum
1016 1805 1115 1837 certe
1133 1796 1275 1836 ordinis
1292 1794 1350 1835 tui

236 1849 346 1888 facile
364 1851 551 1912 princeps.

290 1904 379 1952 Sed,
396 1907 579 1956 quoniam
593 1905 725 1944 eodem
739 1913 922 1957 tempore,
936 1903 1144 1957 eademque
1157 1904 1204 1944 de
1217 1883 1347 1953 631183,

234 1961 407 1997 nostrum
425 1966 586 2011 uterque
604 1959 761 2005 cecidit;
791 1960 862 1998 tibi
886 1967 923 1998 et
945 1960 1013 1998 illa
1035 1960 1228 2011 polliceor,
1259 1971 1348 2010 quae

235 2025 350 2063 supra
369 2013 514 2064 scripsi,
535 2027 621 2064 quae
642 2021 731 2051 sunt
749 2013 873 2051 adhuc
891 2026 991 2062 mea,
1013 2022 1049 2052 et
1067 2027 1125 2062 ea,
1145 2027 1232 2064 quae
1248 2026 1347 2064 prae-

233 2073 336 2105 terea
354 2066 481 2105 videor
499 2068 595 2105 mihi
614 2081 662 2106 ex
680 2067 811 2118 aliqua
828 2075 935 2118 parte
951 2068 1124 2128 retinere,
1144 2074 1345 2128 tamquam

231 2133 281 2159 ex
299 2120 468 2172 reliquiis
486 2121 654 2172 pristinae
664 2121 870 2172 dignitatis.
899 2121 942 2160 N
944 2134 1040 2174 eque
1052 2122 1154 2160 enim
1165 2121 1247 2173 ipse
1259 2120 1345 2160 Cae-

231 2187 294 2213 sar
327 2176 387 2219 (ut
415 2175 549 2214 multis
567 2178 679 2215 rebus
697 2175 907 2226 intelligere
927 2174 1054 2227 potui)
1085 2182 1141 2214 est
1158 2175 1303 2214 alienus
1321 2187 1346 2213 3

232 2228 366 2268 nobis·
354 2257 366 2275 ‚
388 2235 425 2268 et
435 2241 568 2269 ornnes
579 2229 658 2269 fere
671 2229 958 2269 familiarissimi
969 2230 1065 2280 ejus,
1078 2242 1166 2270 casu
1182 2228 1345 2269 devincti
