1501 2407
418 116 501 155 AD
529 116 827 157 DIVERSOS.
857 116 959 155 Lm.
981 116 1015 154 Ι.
1045 120 1082 156 9.
1259 119 1311 155 23

188 225 280 263 dam
297 225 434 263 falsam
452 224 673 276 opinionem
692 231 939 277 acceperant,
928 238 938 248 ·
971 236 1089 276 quem
1111 231 1197 276 post
1226 225 1311 262 red-

186 278 287 318 itum
299 278 473 318 dictitant
487 279 606 318 fracto
617 279 746 318 animo
758 287 795 318 et
809 279 972 318 demisso
982 278 1110 316 fmsse.
1140 278 1213 316 Est
1225 292 1313 317 vero

186 333 444 400 probandum,
459 335 527 385 qui
541 342 577 372 et
591 334 747 372 summa
761 333 957 372 volrmtate
971 333 1134 379 cesserit,
1151 340 1188 370 et
1207 346 1312 383 egre-

187 387 253 439 gia
270 387 391 425 animi
406 387 597 426 alacritate
615 387 793 435 abfuerit,
809 400 934 439 neque
953 399 1044 425 sane
1061 387 1183 424 redire
1202 399 1311 425 cura-

186 441 251 489 rit,
272 454 362 480 eum
380 443 429 479 ob
441 442 502 480 id
492 454 618 493 ipsum
640 442 805 480 fractum
824 441 978 489 fuisse,
968 454 1009 479 111
1029 454 1106 493 quo
1125 454 1215 479 cum
1229 454 1312 478 om-

187 508 255 534 nes
286 495 473 544 homines,
503 504 589 534 tum
617 495 678 534 M.
705 496 819 533 illum
844 497 1047 542 Scaurum,
1078 495 1310 546 singularem

187 550 330 598 virum,
351 551 561 589 constantia
582 557 620 588 et
638 550 822 601 gravitate
843 550 1096 602 superasset?

243 604 333 651 Sed,
347 604 451 656 quod
465 604 512 643 de
523 604 590 643 illo
603 611 837 656 acceperant,
854 612 921 642 aut
936 604 1051 642 etiam
1067 604 1311 664 suspicaban-

188 665 265 706 tur,
296 658 344 696 de
375 671 440 696 me
468 659 572 697 idem
597 659 828 710 cogitabant,
860 658 1062 708 abjectiore
1089 658 1219 696 animo
1247 670 1312 695 me

182 712 380 760 futurum,
404 726 494 751 cum
521 713 735 765 respublica
760 714 947 763 majorem
972 713 1088 750 etiam
1109 712 1207 750 1111111
1231 712 1312 749 3111-

187 779 313 815 11111111,
334 780 454 819 quam
470 780 647 819 unquam
665 768 898 815 habuissem,
919 767 1051 813 daret3
1083 780 1170 818 quae
1188 766 1313 804 decla-

186 819 316 868 rasset,
338 834 376 860 se
394 833 472 860 non
497 822 664 873 potuisse
686 835 749 860 me
772 835 851 860 uno
871 821 944 860 0111
963 834 1112 866 carere,
1102 835 1112 844 ·
1144 833 1312 871 cumque

187 850 398 913 Metellum
416 875 531 914 unius
549 876 694 915 tribuni
718 876 841 928 plebis
866 876 1025 927 rogatio,
1052 888 1117 914 me
1135 875 1229 912 univ
1231 888 1313 912 ersa

186 929 418 981 respublica,-
449 930 546 968 duee
574 939 722 978 senatu,
752 930 956 968 comitante
982 930 1112 977 Italia,
1139 929 1313 980 promul-

187 984 369 1035 gant-ibus
387 984 581 1032 omnibus,
602 984 785 1023 referente
810 985 978 1031 consule,
998 983 1159 1022 comitiis
1180 991 1312 1021 centu-

188 1037 308 1085 natis,
329 1038 474 1077 cunctis
493 1039 705 1086 ordinibus,
729 1038 964 1086 hominibus,
984 1038 1310 1084 incumbentibus,

188 1092 368 1130 omnibus
399 1093 564 1144 denique
592 1093 670 1131 suis
697 1092 842 1131 viribus
867 1091 1132 1144 recuperasset.
1173 1092 1314 1142 Neque

188 1159 277 1184 vero
289 1159 359 1197 ego
376 1146 474 1185 mihi
492 1155 622 1198 postea
636 1147 850 1198 quidquam
865 1147 1040 1193 assumsi,
1056 1159 1182 1197 neque
1200 1145 1313 1184 hodie

187 1213 356 1248 assumo,
388 1201 492 1252 quod
522 1214 760 1252 quemquam
793 1200 1201 1240 malevolentissimum
1226 1201 1313 1248 jure

186 1254 306 1306 possit
334 1254 537 1293 offendere.
571 1255 748 1293 Tantum
779 1256 914 1302 enitor,
945 1263 989 1292 ut
1014 1267 1140 1306 neque
1165 1254 1312 1300 amicis,

186 1321 312 1361 neque
329 1308 446 1348 etiam
464 1309 723 1359 alienioribus,
743 1310 873 1361 opera,
894 1309 1064 1357 consilio,
1084 1309 1227 1357 labore,
1248 1308 1313 1346 de-

184 1376 271 1401 51111.

240 1417 321 1456 Hic
346 1430 443 1457 meae
471 1417 560 1456 vitae
591 1431 724 1457 cursus
753 1417 912 1457 offendit
945 1430 1008 1456 eos
1039 1417 1210 1464 fortasse,
1243 1417 1312 1467 qui

186 1472 428 1523 splendorem
447 1479 484 1510 et
504 1472 669 1524 speciem
686 1472 806 1522 hujus
824 1472 912 1511 vitae
937 1472 1151 1519 intuentur,
1173 1470 1313 1508 sollici-

184 1526 361 1564 tudinem
387 1534 518 1565 autem
543 1534 580 1564 et
603 1527 775 1565 laborem
797 1526 1009 1578 perspicere
1030 1538 1108 1564 non
1134 1532 1310 1576 possunt.

184 1580 293 1618 Illud
310 1593 399 1619 vero
417 1593 495 1619 non
507 1582 666 1619 obscure
680 1587 908 1632 queruntur,
927 1580 969 1618 in
987 1579 1083 1618 meis
1102 1578 1311 1624 sententiis,

183 1634 326 1686 quibus
346 1647 481 1673 ornem
512 1634 720 1682 Caesarem,
745 1635 855 1687 quasi
874 1635 1079 1674 descissem
1105 1647 1128 1672 a
1149 1633 1313 1685 pristina

180 1687 306 1727 causa.
335 1688 424 1740 Ego
442 1697 573 1727 autem
599 1702 689 1728 cum
711 1689 779 1728 illa
798 1702 950 1741 sequor,
980 1701 1068 1740 quae
1086 1688 1204 1740 paulo
1223 1694 1313 1726 ante

181 1743 377 1794 proposui,
393 1751 478 1781 tum
492 1743 565 1782 hoc
579 1756 657 1781 non
675 1743 716 1781 in
734 1743 950 1795 postremis,
965 1743 1012 1781 de
1031 1755 1109 1794 quo
1123 1754 1312 1793 coeperam

179 1809 383 1849 exponere.
413 1798 508 1836 Non
532 1797 700 1836 offendes
716 1798 897 1837 eumdem
919 1799 1111 1836 bonorum
1138 1808 1308 1842 sensum,

182 1851 366 1900 Lentule,
387 1864 506 1903 quem
524 1852 713 1904 reliquisti
729 1867 739 1890 :
761 1852 831 1904 qui
845 1852 1091 1891 confirmatus
1111 1850 1311 1889 consulatu

184 1912 327 1954 nostro,
341 1918 623 1958 nonnunquam
637 1914 767 1958 postea
781 1906 1031 1958 interruptus,
1045 1905 1209 1944 afflictus
1224 1911 1313 1942 ante

184 1966 224 1997 te
242 1960 450 2008 consulem,
471 1968 661 1999 recreatus
680 1963 748 1999 abs
768 1968 806 1999 te
820 1968 922 1999 totus
943 1967 1012 2008 est,
1025 1972 1129 1998 nunc
1147 1961 1196 1997 ab
1215 1959 1275 2006 115,
1289 1971 1312 1996 3

186 2013 328 2065 quibus
346 2014 511 2054 tuendus
531 2015 671 2063 fuerat,
694 2015 919 2054 derelictus:
949 2015 1132 2066 idemque
1155 2025 1233 2051 non
1253 2025 1312 2050 50-

186 2069 273 2106 111111
291 2067 416 2107 fronte
443 2078 560 2121 atque
588 2070 716 2131 vultu,
736 2069 879 2121 quibus
906 2068 1102 2107 simulatio
1127 2066 1311 2105 facillime

186 2122 409 2171 sustinetur,
430 2123 650 2162 declarant
639 2124 682 2172 11,
704 2124 772 2175 qui
790 2131 876 2162 tum
894 2132 1022 2162 nostro
1037 2123 1104 2161 1110
1124 2128 1226 2160 statu
1245 2133 1314 2172 op-

183 2176 334 2215 timaus
347 2151 659 2227 nominabantur,
675 2178 866 2217 sedetiam
881 2175 1107 2240 [sententia]
1123 2189 1223 2226 saepe
1231 2176 1314 2235 jam

183 2231 402 2283 tabellaque
415 2231 639 2273 docuerunt.
671 2232 812 2286 Itaque
826 2240 906 2273 tota
915 2233 999 2283 jam
1018 2230 1249 2284 sapientium
1264 2228 1316 2268 ci-
